
   <record>
      <leader>00000nz  a2200000nc 4500</leader>
      <controlfield tag="001">institutions/51005993</controlfield>
      <controlfield tag="003">DE-633</controlfield>
      <controlfield tag="005">20250620052305.0</controlfield>
      <controlfield tag="008">220103||||z|||a|||||||||||||||||n||||||d</controlfield>
      <datafield tag="024" ind1="7" ind2=" ">
         <subfield code="a">132101411</subfield>
         <subfield code="2">VIAF</subfield>
      </datafield>
      <datafield tag="024" ind1="7" ind2=" ">
         <subfield code="a">Q2860501</subfield>
         <subfield code="2">WKP</subfield>
      </datafield>
      <datafield tag="024" ind1="7" ind2=" ">
         <subfield code="a">F-AMad</subfield>
         <subfield code="q">siglum</subfield>
         <subfield code="2">rism</subfield>
      </datafield>
      <datafield tag="034" ind1="1" ind2=" ">
         <subfield code="d">2.304352804700404</subfield>
         <subfield code="f">49.88339089459795</subfield>
      </datafield>
      <datafield tag="040" ind1=" " ind2=" ">
         <subfield code="a">DE-633</subfield>
         <subfield code="c">DE-633</subfield>
         <subfield code="e">rismg</subfield>
      </datafield>
      <datafield tag="043" ind1=" " ind2=" ">
         <subfield code="c">XA-FR</subfield>
      </datafield>
      <datafield tag="110" ind1="1" ind2=" ">
         <subfield code="a">Archives départementales de la Somme</subfield>
         <subfield code="c">Amiens</subfield>
         <subfield code="g">F-AMad</subfield>
      </datafield>
      <datafield tag="368" ind1=" " ind2=" ">
         <subfield code="a">Institution</subfield>
         <subfield code="a">Library</subfield>
         <subfield code="a">Archive</subfield>
      </datafield>
      <datafield tag="371" ind1=" " ind2=" ">
         <subfield code="a">61 rue Saint-Fuscien</subfield>
         <subfield code="b">Amiens</subfield>
         <subfield code="c">Département de la Somme</subfield>
         <subfield code="d">France</subfield>
         <subfield code="e">80000</subfield>
         <subfield code="m">archives@somme.fr</subfield>
         <subfield code="u">https://archives.somme.fr/</subfield>
         <subfield code="z">tel: +33 / 03 60 03 49 50</subfield>
      </datafield>
      <datafield tag="551" ind1="1" ind2=" ">
         <subfield code="a">Amiens</subfield>
         <subfield code="0">places/3900342</subfield>
      </datafield>
   </record>