
   <record>
      <leader>00000nz  a2200000nc 4500</leader>
      <controlfield tag="001">institutions/51002710</controlfield>
      <controlfield tag="003">DE-633</controlfield>
      <controlfield tag="005">20250620052246.0</controlfield>
      <controlfield tag="008">190305||||z|||a|||||||||||||||||n||||||d</controlfield>
      <datafield tag="024" ind1="7" ind2=" ">
         <subfield code="a">F-ANT</subfield>
         <subfield code="q">siglum</subfield>
         <subfield code="2">rism</subfield>
      </datafield>
      <datafield tag="034" ind1="1" ind2=" ">
         <subfield code="d">2.300185</subfield>
         <subfield code="f">48.751127</subfield>
      </datafield>
      <datafield tag="040" ind1=" " ind2=" ">
         <subfield code="a">DE-633</subfield>
         <subfield code="c">DE-633</subfield>
         <subfield code="e">rismg</subfield>
      </datafield>
      <datafield tag="043" ind1=" " ind2=" ">
         <subfield code="c">XA-FR</subfield>
      </datafield>
      <datafield tag="110" ind1="1" ind2=" ">
         <subfield code="a">L'association les amis de Maurice Emmanuel, Archives</subfield>
         <subfield code="c">Antony</subfield>
         <subfield code="g">F-ANT</subfield>
      </datafield>
      <datafield tag="368" ind1=" " ind2=" ">
         <subfield code="a">Institution</subfield>
         <subfield code="a">Library</subfield>
         <subfield code="a">Archive</subfield>
      </datafield>
      <datafield tag="371" ind1=" " ind2=" ">
         <subfield code="a">30, rue Céline</subfield>
         <subfield code="b">Antony</subfield>
         <subfield code="d">France</subfield>
         <subfield code="e">92160</subfield>
         <subfield code="m">amis.maurice.emmanuel@orange.fr</subfield>
         <subfield code="u">http://mauriceemmanuel.fr/</subfield>
         <subfield code="z">tel: +33 / 01 / 46661229</subfield>
      </datafield>
      <datafield tag="551" ind1="1" ind2=" ">
         <subfield code="a">Antony</subfield>
         <subfield code="0">places/4000125</subfield>
      </datafield>
   </record>