
   <record>
      <leader>00000nz  a2200000nc 4500</leader>
      <controlfield tag="001">institutions/51002102</controlfield>
      <controlfield tag="003">DE-633</controlfield>
      <controlfield tag="005">20250620052243.0</controlfield>
      <controlfield tag="008">181221||||z|||a|||||||||||||||||n||||||d</controlfield>
      <datafield tag="024" ind1="7" ind2=" ">
         <subfield code="a">F-ANbc</subfield>
         <subfield code="q">siglum</subfield>
         <subfield code="2">rism</subfield>
      </datafield>
      <datafield tag="034" ind1="1" ind2=" ">
         <subfield code="d">-0.538716</subfield>
         <subfield code="f">47.471325</subfield>
      </datafield>
      <datafield tag="040" ind1=" " ind2=" ">
         <subfield code="a">DE-633</subfield>
         <subfield code="c">DE-633</subfield>
         <subfield code="e">rismg</subfield>
      </datafield>
      <datafield tag="043" ind1=" " ind2=" ">
         <subfield code="c">XA-FR</subfield>
      </datafield>
      <datafield tag="110" ind1="1" ind2=" ">
         <subfield code="a">Bibliothèque du Conservatoire à rayonnement régional</subfield>
         <subfield code="c">Angers</subfield>
         <subfield code="g">F-ANbc</subfield>
      </datafield>
      <datafield tag="368" ind1=" " ind2=" ">
         <subfield code="a">Institution</subfield>
         <subfield code="a">Library</subfield>
      </datafield>
      <datafield tag="371" ind1=" " ind2=" ">
         <subfield code="a">Esplanade Henri-Dutilleux</subfield>
         <subfield code="b">Angers</subfield>
         <subfield code="d">France</subfield>
         <subfield code="e">49100</subfield>
         <subfield code="u">http://www.angers.fr/vivre-a-angers/culture/musique/conservatoire-a-rayonnement-regional/le-conservatoire/la-bibliotheque/index.html</subfield>
         <subfield code="z">tel: +33 / 02 / 41 24 14 50</subfield>
      </datafield>
      <datafield tag="551" ind1="1" ind2=" ">
         <subfield code="a">Angers</subfield>
         <subfield code="0">places/3902729</subfield>
      </datafield>
   </record>