
   <record>
      <leader>00000nz  a2200000nc 4500</leader>
      <controlfield tag="001">institutions/30001425</controlfield>
      <controlfield tag="003">DE-633</controlfield>
      <controlfield tag="005">20250620052004.0</controlfield>
      <controlfield tag="008">161109||||z|||a|||||||||||||||||n||||||d</controlfield>
      <datafield tag="024" ind1="7" ind2=" ">
         <subfield code="a">F-AS</subfield>
         <subfield code="q">siglum</subfield>
         <subfield code="2">rism</subfield>
      </datafield>
      <datafield tag="034" ind1="1" ind2=" ">
         <subfield code="d">2.773637774825652</subfield>
         <subfield code="f">50.29150030281079</subfield>
      </datafield>
      <datafield tag="040" ind1=" " ind2=" ">
         <subfield code="a">DE-633</subfield>
         <subfield code="c">DE-633</subfield>
         <subfield code="e">rismg</subfield>
      </datafield>
      <datafield tag="043" ind1=" " ind2=" ">
         <subfield code="c">XA-FR</subfield>
      </datafield>
      <datafield tag="110" ind1="1" ind2=" ">
         <subfield code="a">Médiathèque Saint-Vaast</subfield>
         <subfield code="c">Arras</subfield>
         <subfield code="g">F-AS</subfield>
      </datafield>
      <datafield tag="368" ind1=" " ind2=" ">
         <subfield code="a">Institution</subfield>
         <subfield code="a">Library</subfield>
      </datafield>
      <datafield tag="371" ind1=" " ind2=" ">
         <subfield code="a">Abbaye Saint-Vaast</subfield>
         <subfield code="a">20, Rue Paul Doumer</subfield>
         <subfield code="b">Arras</subfield>
         <subfield code="c">Département Pas-de-Calais</subfield>
         <subfield code="d">France</subfield>
         <subfield code="e">62000</subfield>
         <subfield code="m">mediatheque@ville-arras.fr</subfield>
         <subfield code="u">https://www.reseau-m.fr/default/horaires-mediatheque-saint-vaast.aspx</subfield>
         <subfield code="z">tel: +33 / 03 / 21716291</subfield>
      </datafield>
      <datafield tag="410" ind1=" " ind2=" ">
         <subfield code="a">Bibliothèque municipale</subfield>
      </datafield>
      <datafield tag="551" ind1="1" ind2=" ">
         <subfield code="a">Arras</subfield>
         <subfield code="0">places/3900143</subfield>
      </datafield>
      <datafield tag="667" ind1=" " ind2=" ">
         <subfield code="a">Published sources: 6</subfield>
      </datafield>
   </record>