
   <record>
      <leader>00000nz  a2200000nc 4500</leader>
      <controlfield tag="001">institutions/30075940</controlfield>
      <controlfield tag="003">DE-633</controlfield>
      <controlfield tag="005">20250620052108.0</controlfield>
      <controlfield tag="008">161109||||z|||a|||||||||||||||||n||||||d</controlfield>
      <datafield tag="024" ind1="7" ind2=" ">
         <subfield code="a">F-AVmg</subfield>
         <subfield code="q">siglum</subfield>
         <subfield code="2">rism</subfield>
      </datafield>
      <datafield tag="034" ind1="1" ind2=" ">
         <subfield code="d">3.90587</subfield>
         <subfield code="f">47.488527</subfield>
      </datafield>
      <datafield tag="040" ind1=" " ind2=" ">
         <subfield code="a">DE-633</subfield>
         <subfield code="c">DE-633</subfield>
         <subfield code="e">rismg</subfield>
      </datafield>
      <datafield tag="043" ind1=" " ind2=" ">
         <subfield code="c">XA-FR</subfield>
      </datafield>
      <datafield tag="110" ind1="1" ind2=" ">
         <subfield code="a">Bibliothèque médiathèque Gaston-Chaissac</subfield>
         <subfield code="c">Avallon</subfield>
         <subfield code="g">F-AVmg</subfield>
      </datafield>
      <datafield tag="368" ind1=" " ind2=" ">
         <subfield code="a">Institution</subfield>
         <subfield code="a">Library</subfield>
      </datafield>
      <datafield tag="371" ind1=" " ind2=" ">
         <subfield code="a">Rue du Marché</subfield>
         <subfield code="b">Avallon</subfield>
         <subfield code="c">Département Yonne</subfield>
         <subfield code="d">France</subfield>
         <subfield code="e">89200</subfield>
         <subfield code="m">bibliotheque.villedavallon@wanadoo.fr</subfield>
         <subfield code="z">tel: +33 / 03 / 86316514</subfield>
         <subfield code="z">fax: +33 / 03 / 86342739</subfield>
      </datafield>
      <datafield tag="551" ind1="1" ind2=" ">
         <subfield code="a">Avallon</subfield>
         <subfield code="0">places/3903783</subfield>
      </datafield>
   </record>