
   <record>
      <leader>00000nz  a2200000nc 4500</leader>
      <controlfield tag="001">institutions/30006535</controlfield>
      <controlfield tag="003">DE-633</controlfield>
      <controlfield tag="005">20250620052048.0</controlfield>
      <controlfield tag="008">161109||||z|||a|||||||||||||||||n||||||d</controlfield>
      <datafield tag="024" ind1="7" ind2=" ">
         <subfield code="a">130195428</subfield>
         <subfield code="2">VIAF</subfield>
      </datafield>
      <datafield tag="024" ind1="7" ind2=" ">
         <subfield code="a">F-BA</subfield>
         <subfield code="q">siglum</subfield>
         <subfield code="2">rism</subfield>
      </datafield>
      <datafield tag="034" ind1="1" ind2=" ">
         <subfield code="d">-1.478220</subfield>
         <subfield code="f">43.491073</subfield>
      </datafield>
      <datafield tag="040" ind1=" " ind2=" ">
         <subfield code="a">DE-633</subfield>
         <subfield code="c">DE-633</subfield>
         <subfield code="e">rismg</subfield>
      </datafield>
      <datafield tag="043" ind1=" " ind2=" ">
         <subfield code="c">XA-FR</subfield>
      </datafield>
      <datafield tag="110" ind1="1" ind2=" ">
         <subfield code="a">La Médiathèque Centre-ville</subfield>
         <subfield code="c">Bayonne</subfield>
         <subfield code="g">F-BA</subfield>
      </datafield>
      <datafield tag="368" ind1=" " ind2=" ">
         <subfield code="a">Institution</subfield>
         <subfield code="a">Library</subfield>
      </datafield>
      <datafield tag="371" ind1=" " ind2=" ">
         <subfield code="a">10 rue des Gouverneurs</subfield>
         <subfield code="b">Bayonne</subfield>
         <subfield code="c">Département Pyrénées-Atlantiques</subfield>
         <subfield code="d">France</subfield>
         <subfield code="e">64100</subfield>
         <subfield code="m">mediatheque@bayonne.fr</subfield>
         <subfield code="u">https://mediatheque.bayonne.fr/iguana/www.main.cls?Surl=home/</subfield>
         <subfield code="z">tel: +33 / 05 / 59 59 17 13</subfield>
      </datafield>
      <datafield tag="410" ind1=" " ind2=" ">
         <subfield code="a">Bibliothèque municipale</subfield>
      </datafield>
      <datafield tag="551" ind1="1" ind2=" ">
         <subfield code="a">Bayonne</subfield>
         <subfield code="0">places/3903695</subfield>
      </datafield>
   </record>