
   <record>
      <leader>00000nz  a2200000nc 4500</leader>
      <controlfield tag="001">institutions/51002653</controlfield>
      <controlfield tag="003">DE-633</controlfield>
      <controlfield tag="005">20250620052246.0</controlfield>
      <controlfield tag="008">190201||||z|||a|||||||||||||||||n||||||d</controlfield>
      <datafield tag="024" ind1="7" ind2=" ">
         <subfield code="a">F-BAG</subfield>
         <subfield code="q">siglum</subfield>
         <subfield code="2">rism</subfield>
      </datafield>
      <datafield tag="040" ind1=" " ind2=" ">
         <subfield code="a">DE-633</subfield>
         <subfield code="c">DE-633</subfield>
         <subfield code="e">rismg</subfield>
      </datafield>
      <datafield tag="043" ind1=" " ind2=" ">
         <subfield code="c">XA-FR</subfield>
      </datafield>
      <datafield tag="110" ind1="1" ind2=" ">
         <subfield code="a">Centre international Nadia et Lili Boulanger</subfield>
         <subfield code="c">Bagnolet</subfield>
         <subfield code="g">F-BAG</subfield>
      </datafield>
      <datafield tag="368" ind1=" " ind2=" ">
         <subfield code="a">Institution</subfield>
         <subfield code="a">Library</subfield>
         <subfield code="a">Other</subfield>
      </datafield>
      <datafield tag="371" ind1=" " ind2=" ">
         <subfield code="a">25, rue Pierre Dupont</subfield>
         <subfield code="b">Bagnolet</subfield>
         <subfield code="c">Département de la Seine-Saint-Denis</subfield>
         <subfield code="d">France</subfield>
         <subfield code="e">93170</subfield>
         <subfield code="m">centre@cnlb.fr</subfield>
         <subfield code="m">alexandra.laederich@cnlb.fr</subfield>
         <subfield code="u">http://www.cnlb.fr/bfr/centre/acc_centre.html</subfield>
         <subfield code="z">contact: Alexandra Laederich, Déléguée générale</subfield>
         <subfield code="z">tel: +33 / (0)1 / 49 88 16 63</subfield>
         <subfield code="z">fax: +33 / (0)1 / 49 88 16 63</subfield>
      </datafield>
      <datafield tag="551" ind1="1" ind2=" ">
         <subfield code="a">Bagnolet</subfield>
         <subfield code="0">places/4000120</subfield>
      </datafield>
   </record>