
   <record>
      <leader>00000nz  a2200000nc 4500</leader>
      <controlfield tag="001">institutions/30075939</controlfield>
      <controlfield tag="003">DE-633</controlfield>
      <controlfield tag="005">20250620052108.0</controlfield>
      <controlfield tag="008">161109||||z|||a|||||||||||||||||n||||||d</controlfield>
      <datafield tag="024" ind1="7" ind2=" ">
         <subfield code="a">62146822069107380765</subfield>
         <subfield code="2">VIAF</subfield>
      </datafield>
      <datafield tag="024" ind1="7" ind2=" ">
         <subfield code="a">F-BEGbm</subfield>
         <subfield code="q">siglum</subfield>
         <subfield code="2">rism</subfield>
      </datafield>
      <datafield tag="034" ind1="1" ind2=" ">
         <subfield code="d">2.428977</subfield>
         <subfield code="f">50.967261</subfield>
      </datafield>
      <datafield tag="040" ind1=" " ind2=" ">
         <subfield code="a">DE-633</subfield>
         <subfield code="c">DE-633</subfield>
         <subfield code="e">rismg</subfield>
      </datafield>
      <datafield tag="043" ind1=" " ind2=" ">
         <subfield code="c">XA-FR</subfield>
      </datafield>
      <datafield tag="110" ind1="1" ind2=" ">
         <subfield code="a">Médiathèque municipale Marguerite Brébant</subfield>
         <subfield code="c">Bergues</subfield>
         <subfield code="g">F-BEGbm</subfield>
      </datafield>
      <datafield tag="368" ind1=" " ind2=" ">
         <subfield code="a">Institution</subfield>
         <subfield code="a">Library</subfield>
      </datafield>
      <datafield tag="371" ind1=" " ind2=" ">
         <subfield code="a">39, Rue Carnot</subfield>
         <subfield code="b">Bergues</subfield>
         <subfield code="c">Département Nord</subfield>
         <subfield code="d">France</subfield>
         <subfield code="e">59380</subfield>
         <subfield code="m">bibliotheque.bergues@orange.fr</subfield>
         <subfield code="u">https://opac-x-bergues.biblixnet.net/</subfield>
         <subfield code="z">tel: +33 / 03 / 28 68 16 73</subfield>
      </datafield>
      <datafield tag="410" ind1=" " ind2=" ">
         <subfield code="a">Bibliothèque municipale</subfield>
      </datafield>
      <datafield tag="551" ind1="1" ind2=" ">
         <subfield code="a">Bergues</subfield>
         <subfield code="0">places/3905193</subfield>
      </datafield>
   </record>