
   <record>
      <leader>00000nz  a2200000nc 4500</leader>
      <controlfield tag="001">institutions/51006475</controlfield>
      <controlfield tag="003">DE-633</controlfield>
      <controlfield tag="005">20250620052308.0</controlfield>
      <controlfield tag="008">220523||||z|||a|||||||||||||||||n||||||d</controlfield>
      <datafield tag="024" ind1="7" ind2=" ">
         <subfield code="a">139410608</subfield>
         <subfield code="2">VIAF</subfield>
      </datafield>
      <datafield tag="024" ind1="7" ind2=" ">
         <subfield code="a">5180565-0</subfield>
         <subfield code="2">DNB</subfield>
      </datafield>
      <datafield tag="024" ind1="7" ind2=" ">
         <subfield code="a">F-BLmd</subfield>
         <subfield code="q">siglum</subfield>
         <subfield code="2">rism</subfield>
      </datafield>
      <datafield tag="034" ind1="1" ind2=" ">
         <subfield code="d">1.3328727949280075</subfield>
         <subfield code="f">47.584496440106314</subfield>
      </datafield>
      <datafield tag="040" ind1=" " ind2=" ">
         <subfield code="a">DE-633</subfield>
         <subfield code="c">DE-633</subfield>
         <subfield code="e">rismg</subfield>
      </datafield>
      <datafield tag="043" ind1=" " ind2=" ">
         <subfield code="c">XA-FR</subfield>
      </datafield>
      <datafield tag="110" ind1="1" ind2=" ">
         <subfield code="a">Musée diocésain d'art religieux</subfield>
         <subfield code="c">Blois</subfield>
         <subfield code="g">F-BLmd</subfield>
      </datafield>
      <datafield tag="368" ind1=" " ind2=" ">
         <subfield code="a">Institution</subfield>
         <subfield code="a">Library</subfield>
         <subfield code="a">Archive</subfield>
         <subfield code="a">Museum</subfield>
      </datafield>
      <datafield tag="371" ind1=" " ind2=" ">
         <subfield code="a">6 Rue des Jacobins</subfield>
         <subfield code="b">Blois</subfield>
         <subfield code="c">Départements Loir-et-Cher</subfield>
         <subfield code="d">France</subfield>
         <subfield code="e">41000</subfield>
         <subfield code="m">jp.sauvage41@outlook.com</subfield>
         <subfield code="u">https://www.catholique-blois.net/diocese/services-diocesains/Culture-Art-Sacre-Tourisme/musee-dart-religieux-de-blois</subfield>
         <subfield code="z">tel: +33 / 02 54 74 47 20</subfield>
      </datafield>
      <datafield tag="551" ind1="1" ind2=" ">
         <subfield code="a">Blois</subfield>
         <subfield code="0">places/3900266</subfield>
      </datafield>
   </record>