
   <record>
      <leader>00000nz  a2200000nc 4500</leader>
      <controlfield tag="001">institutions/51003131</controlfield>
      <controlfield tag="003">DE-633</controlfield>
      <controlfield tag="005">20250620052248.0</controlfield>
      <controlfield tag="008">190725||||z|||a|||||||||||||||||n||||||d</controlfield>
      <datafield tag="024" ind1="7" ind2=" ">
         <subfield code="a">147342242</subfield>
         <subfield code="2">VIAF</subfield>
      </datafield>
      <datafield tag="024" ind1="7" ind2=" ">
         <subfield code="a">F-BRcrbc</subfield>
         <subfield code="q">siglum</subfield>
         <subfield code="2">rism</subfield>
      </datafield>
      <datafield tag="034" ind1="1" ind2=" ">
         <subfield code="d">-4.488319</subfield>
         <subfield code="f">48.391853</subfield>
      </datafield>
      <datafield tag="040" ind1=" " ind2=" ">
         <subfield code="a">DE-633</subfield>
         <subfield code="c">DE-633</subfield>
         <subfield code="e">rismg</subfield>
      </datafield>
      <datafield tag="043" ind1=" " ind2=" ">
         <subfield code="c">XA-FR</subfield>
      </datafield>
      <datafield tag="110" ind1="1" ind2=" ">
         <subfield code="a">Centre de Recherche Bretonne et Celtique</subfield>
         <subfield code="c">Brest</subfield>
         <subfield code="g">F-BRcrbc</subfield>
      </datafield>
      <datafield tag="368" ind1=" " ind2=" ">
         <subfield code="a">Institution</subfield>
         <subfield code="a">Library</subfield>
      </datafield>
      <datafield tag="371" ind1=" " ind2=" ">
         <subfield code="a">Université de Bretagne Occidentale</subfield>
         <subfield code="a">Faculté des Lettres et Sciences humaines Victor-Segalen</subfield>
         <subfield code="a">20 Rue Duquesne</subfield>
         <subfield code="b">Brest</subfield>
         <subfield code="c">Département du Finistère</subfield>
         <subfield code="d">France</subfield>
         <subfield code="e">29238</subfield>
         <subfield code="m">50ansCRBC@univ-brest.fr</subfield>
         <subfield code="u">https://50ans-crbc.univ-brest.fr/</subfield>
         <subfield code="z">tel: +33 / 02 / 98016331</subfield>
      </datafield>
      <datafield tag="551" ind1="1" ind2=" ">
         <subfield code="a">Brest (Finistère)</subfield>
         <subfield code="0">places/3900531</subfield>
      </datafield>
   </record>