
   <record>
      <leader>00000nz  a2200000nc 4500</leader>
      <controlfield tag="001">institutions/30006383</controlfield>
      <controlfield tag="003">DE-633</controlfield>
      <controlfield tag="005">20250620052047.0</controlfield>
      <controlfield tag="008">161109||||z|||a|||||||||||||||||n||||||d</controlfield>
      <datafield tag="024" ind1="7" ind2=" ">
         <subfield code="a">250154341</subfield>
         <subfield code="2">VIAF</subfield>
      </datafield>
      <datafield tag="024" ind1="7" ind2=" ">
         <subfield code="a">Q15945164</subfield>
         <subfield code="2">WKP</subfield>
      </datafield>
      <datafield tag="024" ind1="7" ind2=" ">
         <subfield code="a">F-CECm</subfield>
         <subfield code="q">siglum</subfield>
         <subfield code="z">F-CSM</subfield>
         <subfield code="2">rism</subfield>
      </datafield>
      <datafield tag="034" ind1="1" ind2=" ">
         <subfield code="d">4.365930472267504</subfield>
         <subfield code="f">48.96029338286441</subfield>
      </datafield>
      <datafield tag="040" ind1=" " ind2=" ">
         <subfield code="a">DE-633</subfield>
         <subfield code="c">DE-633</subfield>
         <subfield code="e">rismg</subfield>
      </datafield>
      <datafield tag="043" ind1=" " ind2=" ">
         <subfield code="c">XA-FR</subfield>
      </datafield>
      <datafield tag="110" ind1="1" ind2=" ">
         <subfield code="a">Médiathèque Georges Pompidou</subfield>
         <subfield code="c">Châlons-en-Champagne</subfield>
         <subfield code="g">F-CECm</subfield>
      </datafield>
      <datafield tag="368" ind1=" " ind2=" ">
         <subfield code="a">Institution</subfield>
         <subfield code="a">Library</subfield>
      </datafield>
      <datafield tag="371" ind1=" " ind2=" ">
         <subfield code="a">68, Rue Léon Bourgeois</subfield>
         <subfield code="a">CS 40455</subfield>
         <subfield code="b">Châlons-en-Champagne</subfield>
         <subfield code="c">Département Marne</subfield>
         <subfield code="d">France</subfield>
         <subfield code="e">51038</subfield>
         <subfield code="u">https://bm.chalonsenchampagne.fr/mediatheques/services/etablissements/mediatheques-horaires-et-contacts</subfield>
         <subfield code="z">tel: +33 / 03 / 26 26 94 26</subfield>
         <subfield code="z">fax: +33 / 03 / 26 26 94 32</subfield>
      </datafield>
      <datafield tag="410" ind1=" " ind2=" ">
         <subfield code="a">Bibliothèque Georges Pompidou</subfield>
      </datafield>
      <datafield tag="410" ind1=" " ind2=" ">
         <subfield code="a">Bibliothèque municipale Georges Pompidou</subfield>
      </datafield>
      <datafield tag="551" ind1="1" ind2=" ">
         <subfield code="a">Châlons-en-Champagne</subfield>
         <subfield code="0">places/3900182</subfield>
      </datafield>
      <datafield tag="667" ind1=" " ind2=" ">
         <subfield code="a">Published sources: 1</subfield>
      </datafield>
      <datafield tag="680" ind1="1" ind2=" ">
         <subfield code="a">Ancien toponyme Châlons-sur-Marne avec l'ancien sigle RISM : F-CSM</subfield>
      </datafield>
   </record>