
   <record>
      <leader>00000nz  a2200000nc 4500</leader>
      <controlfield tag="001">institutions/51000448</controlfield>
      <controlfield tag="003">DE-633</controlfield>
      <controlfield tag="005">20250620052237.0</controlfield>
      <controlfield tag="008">170928||||z|||a|||||||||||||||||n||||||d</controlfield>
      <datafield tag="024" ind1="7" ind2=" ">
         <subfield code="a">F-CEOmv</subfield>
         <subfield code="q">siglum</subfield>
         <subfield code="2">rism</subfield>
      </datafield>
      <datafield tag="034" ind1="1" ind2=" ">
         <subfield code="d">0.937771</subfield>
         <subfield code="f">48.956199</subfield>
      </datafield>
      <datafield tag="040" ind1=" " ind2=" ">
         <subfield code="a">DE-633</subfield>
         <subfield code="c">DE-633</subfield>
         <subfield code="e">rismg</subfield>
      </datafield>
      <datafield tag="043" ind1=" " ind2=" ">
         <subfield code="c">XA-FR</subfield>
      </datafield>
      <datafield tag="110" ind1="1" ind2=" ">
         <subfield code="a">Musée du Verre</subfield>
         <subfield code="c">Conches-en-Ouche</subfield>
         <subfield code="g">F-CEOmv</subfield>
      </datafield>
      <datafield tag="368" ind1=" " ind2=" ">
         <subfield code="a">Institution</subfield>
         <subfield code="a">Library</subfield>
         <subfield code="a">Other</subfield>
      </datafield>
      <datafield tag="371" ind1=" " ind2=" ">
         <subfield code="a">Route de Sainte-Marguerite</subfield>
         <subfield code="b">Conches-en-Ouche</subfield>
         <subfield code="c">Département de l'Eure</subfield>
         <subfield code="d">France</subfield>
         <subfield code="e">27190</subfield>
         <subfield code="m">musees@conchesenouche.com</subfield>
         <subfield code="u">http://museeduverre.fr/fr</subfield>
         <subfield code="z">tel: +33 / 02 / 32 30 90 41</subfield>
      </datafield>
      <datafield tag="551" ind1="1" ind2=" ">
         <subfield code="a">Conches-en-Ouche</subfield>
         <subfield code="0">places/3030357</subfield>
      </datafield>
      <datafield tag="680" ind1="1" ind2=" ">
         <subfield code="a">Das Glasmuseum ist auch im Besitz eines Breviers mit Musiknoten.</subfield>
      </datafield>
   </record>