
   <record>
      <leader>00000nz  a2200000nc 4500</leader>
      <controlfield tag="001">institutions/30002994</controlfield>
      <controlfield tag="003">DE-633</controlfield>
      <controlfield tag="005">20250620052017.0</controlfield>
      <controlfield tag="008">161109||||z|||a|||||||||||||||||n||||||d</controlfield>
      <datafield tag="024" ind1="7" ind2=" ">
         <subfield code="a">F-CF</subfield>
         <subfield code="q">siglum</subfield>
         <subfield code="2">rism</subfield>
      </datafield>
      <datafield tag="034" ind1="1" ind2=" ">
         <subfield code="d">3.087493894362844</subfield>
         <subfield code="f">45.770011165713434</subfield>
      </datafield>
      <datafield tag="040" ind1=" " ind2=" ">
         <subfield code="a">DE-633</subfield>
         <subfield code="c">DE-633</subfield>
         <subfield code="e">rismg</subfield>
      </datafield>
      <datafield tag="043" ind1=" " ind2=" ">
         <subfield code="c">XA-FR</subfield>
      </datafield>
      <datafield tag="110" ind1="1" ind2=" ">
         <subfield code="a">Bibliothèque Université Clermont Auvergne</subfield>
         <subfield code="c">Clermont-Ferrand</subfield>
         <subfield code="g">F-CF</subfield>
      </datafield>
      <datafield tag="368" ind1=" " ind2=" ">
         <subfield code="a">Institution</subfield>
         <subfield code="a">Library</subfield>
      </datafield>
      <datafield tag="371" ind1=" " ind2=" ">
         <subfield code="a">KAP Learning Centre</subfield>
         <subfield code="a">5 rue Kessler</subfield>
         <subfield code="b">Clermont-Ferrand</subfield>
         <subfield code="c">Département du Puy-de-Dôme</subfield>
         <subfield code="d">France</subfield>
         <subfield code="e">63001</subfield>
         <subfield code="m">contact.bu@uca.fr</subfield>
         <subfield code="u">https://bu.uca.fr/</subfield>
         <subfield code="z">tel: +33 / 04 / 73 40 62 03</subfield>
      </datafield>
      <datafield tag="410" ind1=" " ind2=" ">
         <subfield code="a">Bibliothèque Municipale et Universitaire, Section Centrale et Section Lettres</subfield>
      </datafield>
      <datafield tag="410" ind1=" " ind2=" ">
         <subfield code="a">Bibliothèque Lafayette</subfield>
      </datafield>
      <datafield tag="551" ind1="1" ind2=" ">
         <subfield code="a">Clermont-Ferrand</subfield>
         <subfield code="0">places/3900211</subfield>
      </datafield>
      <datafield tag="667" ind1=" " ind2=" ">
         <subfield code="a">Published sources: 3</subfield>
      </datafield>
   </record>