
   <record>
      <leader>00000nz  a2200000nc 4500</leader>
      <controlfield tag="001">institutions/30080434</controlfield>
      <controlfield tag="003">DE-633</controlfield>
      <controlfield tag="005">20250620052131.0</controlfield>
      <controlfield tag="008">161109||||z|||a|||||||||||||||||n||||||d</controlfield>
      <datafield tag="024" ind1="7" ind2=" ">
         <subfield code="a">261228913</subfield>
         <subfield code="2">VIAF</subfield>
      </datafield>
      <datafield tag="024" ind1="7" ind2=" ">
         <subfield code="a">Q85821952</subfield>
         <subfield code="2">WKP</subfield>
      </datafield>
      <datafield tag="024" ind1="7" ind2=" ">
         <subfield code="a">F-CFbp</subfield>
         <subfield code="q">siglum</subfield>
         <subfield code="2">rism</subfield>
      </datafield>
      <datafield tag="034" ind1="1" ind2=" ">
         <subfield code="d">3.0883548892331736</subfield>
         <subfield code="f">45.773998808987194</subfield>
      </datafield>
      <datafield tag="040" ind1=" " ind2=" ">
         <subfield code="a">DE-633</subfield>
         <subfield code="c">DE-633</subfield>
         <subfield code="e">rismg</subfield>
      </datafield>
      <datafield tag="043" ind1=" " ind2=" ">
         <subfield code="c">XA-FR</subfield>
      </datafield>
      <datafield tag="110" ind1="1" ind2=" ">
         <subfield code="a">Bibliothèque du Patrimoine</subfield>
         <subfield code="c">Clermont-Ferrand</subfield>
         <subfield code="g">F-CFbp</subfield>
      </datafield>
      <datafield tag="368" ind1=" " ind2=" ">
         <subfield code="a">Institution</subfield>
         <subfield code="a">Library</subfield>
      </datafield>
      <datafield tag="371" ind1=" " ind2=" ">
         <subfield code="a">17, Rue Bardoux</subfield>
         <subfield code="b">Clermont-Ferrand</subfield>
         <subfield code="c">Département Puy-de-Dôme</subfield>
         <subfield code="d">France</subfield>
         <subfield code="e">63000</subfield>
         <subfield code="m">bibliotheque.patrimoine@clermontmetropole.eu</subfield>
         <subfield code="u">https://www.bibliotheques-clermontmetropole.eu/iguana/www.main.cls?surl=INFOS%20PRATIQUES_Biblioth%C3%A8que%20du%20Patrimoine%20(Clermont-Ferrand)</subfield>
         <subfield code="z">tel: +33 / 04 / 63 66 95 62</subfield>
      </datafield>
      <datafield tag="551" ind1="1" ind2=" ">
         <subfield code="a">Clermont-Ferrand</subfield>
         <subfield code="0">places/3900211</subfield>
      </datafield>
   </record>