
   <record>
      <leader>00000nz  a2200000nc 4500</leader>
      <controlfield tag="001">institutions/30080714</controlfield>
      <controlfield tag="003">DE-633</controlfield>
      <controlfield tag="005">20250620052133.0</controlfield>
      <controlfield tag="008">161109||||z|||a|||||||||||||||||n||||||d</controlfield>
      <datafield tag="024" ind1="7" ind2=" ">
         <subfield code="a">2497159035193101380003</subfield>
         <subfield code="2">VIAF</subfield>
      </datafield>
      <datafield tag="024" ind1="7" ind2=" ">
         <subfield code="a">Q89584707</subfield>
         <subfield code="2">WKP</subfield>
      </datafield>
      <datafield tag="024" ind1="7" ind2=" ">
         <subfield code="a">F-CFmj</subfield>
         <subfield code="q">siglum</subfield>
         <subfield code="2">rism</subfield>
      </datafield>
      <datafield tag="034" ind1="1" ind2=" ">
         <subfield code="d">3.0841468978633615</subfield>
         <subfield code="f">45.77473106909578</subfield>
      </datafield>
      <datafield tag="040" ind1=" " ind2=" ">
         <subfield code="a">DE-633</subfield>
         <subfield code="c">DE-633</subfield>
         <subfield code="e">rismg</subfield>
      </datafield>
      <datafield tag="043" ind1=" " ind2=" ">
         <subfield code="c">XA-FR</subfield>
      </datafield>
      <datafield tag="110" ind1="1" ind2=" ">
         <subfield code="a">Médiathèque de Jaude</subfield>
         <subfield code="c">Clermont-Ferrand</subfield>
         <subfield code="g">F-CFmj</subfield>
      </datafield>
      <datafield tag="368" ind1=" " ind2=" ">
         <subfield code="a">Institution</subfield>
         <subfield code="a">Library</subfield>
      </datafield>
      <datafield tag="371" ind1=" " ind2=" ">
         <subfield code="a">9, place Louis Aragon</subfield>
         <subfield code="b">Clermont-Ferrand</subfield>
         <subfield code="c">Département du Puy-de-Dôme</subfield>
         <subfield code="d">France</subfield>
         <subfield code="e">63000</subfield>
         <subfield code="m">reseaudesbibliotheques@clermontmetropole.eu</subfield>
         <subfield code="u">https://www.bibliotheques-clermontmetropole.eu/iguana/www.main.cls</subfield>
         <subfield code="u">https://www.bibliotheques-clermontmetropole.eu/iguana/www.main.cls?v=216f68f4-6d8d-4f9b-bd5d-84d8221e5104</subfield>
         <subfield code="z">tel: +33 / 04 43 762 762</subfield>
      </datafield>
      <datafield tag="551" ind1="1" ind2=" ">
         <subfield code="a">Clermont-Ferrand</subfield>
         <subfield code="0">places/3900211</subfield>
      </datafield>
   </record>