
   <record>
      <leader>00000nz  a2200000nc 4500</leader>
      <controlfield tag="001">institutions/51008421</controlfield>
      <controlfield tag="003">DE-633</controlfield>
      <controlfield tag="005">20250620052322.0</controlfield>
      <controlfield tag="008">241216||||z|||a|||||||||||||||||n||||||d</controlfield>
      <datafield tag="024" ind1="7" ind2=" ">
         <subfield code="a">F-CGmp</subfield>
         <subfield code="q">siglum</subfield>
         <subfield code="2">rism</subfield>
      </datafield>
      <datafield tag="034" ind1="1" ind2=" ">
         <subfield code="d">-0.7083550620203248</subfield>
         <subfield code="f">47.82814257801941</subfield>
      </datafield>
      <datafield tag="040" ind1=" " ind2=" ">
         <subfield code="a">DE-633</subfield>
         <subfield code="b">ger</subfield>
         <subfield code="c">DE-633</subfield>
         <subfield code="e">rismg</subfield>
      </datafield>
      <datafield tag="043" ind1=" " ind2=" ">
         <subfield code="c">XA-FR</subfield>
      </datafield>
      <datafield tag="110" ind1="1" ind2=" ">
         <subfield code="a">Médiathèque du Pays de Château-Gontier</subfield>
         <subfield code="c">Château-Gontier-sur-Mayenne</subfield>
         <subfield code="g">F-CGmp</subfield>
      </datafield>
      <datafield tag="368" ind1=" " ind2=" ">
         <subfield code="a">Institution</subfield>
         <subfield code="a">Library</subfield>
      </datafield>
      <datafield tag="371" ind1=" " ind2=" ">
         <subfield code="a">32 Avenue Carnot BP 20 402</subfield>
         <subfield code="b">Château-Gontier-sur-Mayenne</subfield>
         <subfield code="c">Département de la Mayenne</subfield>
         <subfield code="d">France</subfield>
         <subfield code="e">53200</subfield>
         <subfield code="u">https://chateaugontier.c3rb.org/</subfield>
         <subfield code="z">tel: +33 / 02 43 09 50 53</subfield>
      </datafield>
      <datafield tag="551" ind1="1" ind2=" ">
         <subfield code="a">Château-Gontier-sur-Mayenne</subfield>
         <subfield code="0">places/50021273</subfield>
      </datafield>
   </record>