
   <record>
      <leader>00000nz  a2200000nc 4500</leader>
      <controlfield tag="001">institutions/51008041</controlfield>
      <controlfield tag="003">DE-633</controlfield>
      <controlfield tag="005">20250620052319.0</controlfield>
      <controlfield tag="008">240617||||z|||a|||||||||||||||||n||||||d</controlfield>
      <datafield tag="024" ind1="7" ind2=" ">
         <subfield code="a">F-CHGam</subfield>
         <subfield code="q">siglum</subfield>
         <subfield code="2">rism</subfield>
      </datafield>
      <datafield tag="034" ind1="1" ind2=" ">
         <subfield code="d">1.0247955085645601</subfield>
         <subfield code="f">47.41978295966859</subfield>
      </datafield>
      <datafield tag="040" ind1=" " ind2=" ">
         <subfield code="a">DE-633</subfield>
         <subfield code="c">DE-633</subfield>
         <subfield code="e">rismg</subfield>
      </datafield>
      <datafield tag="043" ind1=" " ind2=" ">
         <subfield code="c">XA-FR</subfield>
      </datafield>
      <datafield tag="110" ind1="1" ind2=" ">
         <subfield code="a">Centre des archives municipales et communautaires "Espace Paul Pinasseau"</subfield>
         <subfield code="c">Chargé</subfield>
         <subfield code="g">F-CHGam</subfield>
      </datafield>
      <datafield tag="368" ind1=" " ind2=" ">
         <subfield code="a">Institution</subfield>
         <subfield code="a">Archive</subfield>
         <subfield code="a">Library</subfield>
      </datafield>
      <datafield tag="371" ind1=" " ind2=" ">
         <subfield code="a">196 rue du Château d'eau</subfield>
         <subfield code="b">Chargé</subfield>
         <subfield code="c">Département d'Indre-et-Loire</subfield>
         <subfield code="c">Canton d'Amboise</subfield>
         <subfield code="d">France</subfield>
         <subfield code="e">37530</subfield>
         <subfield code="m">archives@ville-amboise.fr</subfield>
         <subfield code="u">https://www.ville-amboise.fr/191/archives-municipales.htm</subfield>
         <subfield code="z">tel: +33 / 02 47 23 47 76</subfield>
      </datafield>
      <datafield tag="410" ind1=" " ind2=" ">
         <subfield code="a">Archives municipales d'Amboise - Espace Paul Pinasseau</subfield>
      </datafield>
      <datafield tag="551" ind1="1" ind2=" ">
         <subfield code="a">Chargé</subfield>
         <subfield code="0">places/50020934</subfield>
      </datafield>
   </record>