
   <record>
      <leader>00000nz  a2200000nc 4500</leader>
      <controlfield tag="001">institutions/51008857</controlfield>
      <controlfield tag="003">DE-633</controlfield>
      <controlfield tag="005">20250625071917.0</controlfield>
      <controlfield tag="008">250625||||z|||a|||||||||||||||||n||||||d</controlfield>
      <datafield tag="024" ind1="7" ind2=" ">
         <subfield code="a">Q3330199</subfield>
         <subfield code="2">WKP</subfield>
      </datafield>
      <datafield tag="024" ind1="7" ind2=" ">
         <subfield code="a">F-CHRmba</subfield>
         <subfield code="q">siglum</subfield>
         <subfield code="2">rism</subfield>
      </datafield>
      <datafield tag="034" ind1="1" ind2=" ">
         <subfield code="d">1.4879956972743638</subfield>
         <subfield code="f">48.44878401312245</subfield>
      </datafield>
      <datafield tag="040" ind1=" " ind2=" ">
         <subfield code="a">DE-633</subfield>
         <subfield code="c">DE-633</subfield>
         <subfield code="e">rismg</subfield>
      </datafield>
      <datafield tag="043" ind1=" " ind2=" ">
         <subfield code="c">XA-FR</subfield>
      </datafield>
      <datafield tag="110" ind1="1" ind2=" ">
         <subfield code="a">Musée des Beaux-Arts</subfield>
         <subfield code="c">Chartres</subfield>
         <subfield code="g">F-CHRmba</subfield>
      </datafield>
      <datafield tag="368" ind1=" " ind2=" ">
         <subfield code="a">Institution</subfield>
         <subfield code="a">Library</subfield>
         <subfield code="a">Museum</subfield>
      </datafield>
      <datafield tag="371" ind1=" " ind2=" ">
         <subfield code="a">29, cloître Notre-Dame</subfield>
         <subfield code="b">Chartres</subfield>
         <subfield code="c">Département d'Eure-et-Loir</subfield>
         <subfield code="d">France</subfield>
         <subfield code="e">28000</subfield>
         <subfield code="m">musee.beaux-arts@agglo-ville.chartres.fr</subfield>
         <subfield code="u">https://www.chartres.fr/musee-beaux-arts/horaires-et-animations/</subfield>
         <subfield code="z">tel: +33 / 02 37 90 45 80</subfield>
      </datafield>
      <datafield tag="551" ind1="1" ind2=" ">
         <subfield code="a">Chartres</subfield>
         <subfield code="0">places/3900267</subfield>
      </datafield>
   </record>