
   <record>
      <leader>00000nz  a2200000nc 4500</leader>
      <controlfield tag="001">institutions/51008922</controlfield>
      <controlfield tag="003">DE-633</controlfield>
      <controlfield tag="005">20250723094905.0</controlfield>
      <controlfield tag="008">250723||||z|||a|||||||||||||||||n||||||d</controlfield>
      <datafield tag="024" ind1="7" ind2=" ">
         <subfield code="a">1033853-6</subfield>
         <subfield code="2">DNB</subfield>
      </datafield>
      <datafield tag="024" ind1="7" ind2=" ">
         <subfield code="a">Q1236032</subfield>
         <subfield code="2">WKP</subfield>
      </datafield>
      <datafield tag="024" ind1="7" ind2=" ">
         <subfield code="a">F-CHm</subfield>
         <subfield code="q">siglum</subfield>
         <subfield code="2">rism</subfield>
      </datafield>
      <datafield tag="034" ind1="1" ind2=" ">
         <subfield code="d">2.485209126144416</subfield>
         <subfield code="f">49.194021571383075</subfield>
      </datafield>
      <datafield tag="040" ind1=" " ind2=" ">
         <subfield code="a">DE-633</subfield>
         <subfield code="c">DE-633</subfield>
         <subfield code="e">rismg</subfield>
      </datafield>
      <datafield tag="043" ind1=" " ind2=" ">
         <subfield code="c">XA-FR</subfield>
      </datafield>
      <datafield tag="110" ind1="1" ind2=" ">
         <subfield code="a">Musée Condé</subfield>
         <subfield code="c">Chantilly</subfield>
         <subfield code="g">F-CHm</subfield>
      </datafield>
      <datafield tag="368" ind1=" " ind2=" ">
         <subfield code="a">Institution</subfield>
         <subfield code="a">Museum</subfield>
      </datafield>
      <datafield tag="371" ind1=" " ind2=" ">
         <subfield code="a">Route Pavée</subfield>
         <subfield code="b">Chantilly</subfield>
         <subfield code="c">Département del'Oise</subfield>
         <subfield code="d">France</subfield>
         <subfield code="e">60500</subfield>
         <subfield code="u">https://www.musee-conde.fr/fr/</subfield>
         <subfield code="z">tel: +33 / 03 44 27 31 80</subfield>
      </datafield>
      <datafield tag="551" ind1="1" ind2=" ">
         <subfield code="a">Chantilly</subfield>
         <subfield code="0">places/3900341</subfield>
      </datafield>
   </record>