
   <record>
      <leader>00000nz  a2200000nc 4500</leader>
      <controlfield tag="001">institutions/51000447</controlfield>
      <controlfield tag="003">DE-633</controlfield>
      <controlfield tag="005">20250620052237.0</controlfield>
      <controlfield tag="008">170928||||z|||a|||||||||||||||||n||||||d</controlfield>
      <datafield tag="024" ind1="7" ind2=" ">
         <subfield code="a">144917931</subfield>
         <subfield code="2">VIAF</subfield>
      </datafield>
      <datafield tag="024" ind1="7" ind2=" ">
         <subfield code="a">F-CSSmd</subfield>
         <subfield code="q">siglum</subfield>
         <subfield code="2">rism</subfield>
      </datafield>
      <datafield tag="034" ind1="1" ind2=" ">
         <subfield code="d">4.852363</subfield>
         <subfield code="f">46.781023</subfield>
      </datafield>
      <datafield tag="040" ind1=" " ind2=" ">
         <subfield code="a">DE-633</subfield>
         <subfield code="c">DE-633</subfield>
         <subfield code="e">rismg</subfield>
      </datafield>
      <datafield tag="043" ind1=" " ind2=" ">
         <subfield code="c">XA-FR</subfield>
      </datafield>
      <datafield tag="110" ind1="1" ind2=" ">
         <subfield code="a">Musée Denon</subfield>
         <subfield code="c">Chalon-sur-Saône</subfield>
         <subfield code="g">F-CSSmd</subfield>
      </datafield>
      <datafield tag="368" ind1=" " ind2=" ">
         <subfield code="a">Institution</subfield>
         <subfield code="a">Library</subfield>
         <subfield code="a">Other</subfield>
      </datafield>
      <datafield tag="371" ind1=" " ind2=" ">
         <subfield code="a">3, rue boichot</subfield>
         <subfield code="b">Chalon-sur-Saône</subfield>
         <subfield code="d">France</subfield>
         <subfield code="e">71100</subfield>
         <subfield code="u">http://www.chalon.fr/fr/les-essentiels/la-ville/le-musee-denon.html</subfield>
         <subfield code="z">tel: +33 / 03 / 85 94 74 41</subfield>
         <subfield code="z">Entrée sur la place de l’Hôtel de Ville.</subfield>
      </datafield>
      <datafield tag="551" ind1="1" ind2=" ">
         <subfield code="a">Chalon-sur-Saône</subfield>
         <subfield code="0">places/3900030</subfield>
      </datafield>
   </record>