
   <record>
      <leader>00000nz  a2200000nc 4500</leader>
      <controlfield tag="001">institutions/51006929</controlfield>
      <controlfield tag="003">DE-633</controlfield>
      <controlfield tag="005">20250620052311.0</controlfield>
      <controlfield tag="008">221125||||z|||a|||||||||||||||||n||||||d</controlfield>
      <datafield tag="024" ind1="7" ind2=" ">
         <subfield code="a">F-CSam</subfield>
         <subfield code="q">siglum</subfield>
         <subfield code="2">rism</subfield>
      </datafield>
      <datafield tag="034" ind1="1" ind2=" ">
         <subfield code="d">2.152173097894876</subfield>
         <subfield code="f">48.877612803418785</subfield>
      </datafield>
      <datafield tag="040" ind1=" " ind2=" ">
         <subfield code="a">DE-633</subfield>
         <subfield code="c">DE-633</subfield>
         <subfield code="e">rismg</subfield>
      </datafield>
      <datafield tag="043" ind1=" " ind2=" ">
         <subfield code="c">XA-FR</subfield>
      </datafield>
      <datafield tag="110" ind1="1" ind2=" ">
         <subfield code="a">Les Archives municipales</subfield>
         <subfield code="c">Croissy-sur-Seine</subfield>
         <subfield code="g">F-CSam</subfield>
      </datafield>
      <datafield tag="368" ind1=" " ind2=" ">
         <subfield code="a">Institution</subfield>
         <subfield code="a">Library</subfield>
         <subfield code="a">Archive</subfield>
      </datafield>
      <datafield tag="371" ind1=" " ind2=" ">
         <subfield code="a">12 Grande Rue</subfield>
         <subfield code="b">78290 Croissy-sur-Seine</subfield>
         <subfield code="c">Département des Yvelines</subfield>
         <subfield code="d">France</subfield>
         <subfield code="u">https://www.croissy.com/annuaires/equipements/administratif/les-archives-municipales</subfield>
         <subfield code="z">tel: +33 /  01 39 76 63 08</subfield>
      </datafield>
      <datafield tag="551" ind1="1" ind2=" ">
         <subfield code="a">Croissy-sur-Seine</subfield>
         <subfield code="0">places/3031300</subfield>
      </datafield>
   </record>