
   <record>
      <leader>00000nz  a2200000nc 4500</leader>
      <controlfield tag="001">institutions/51005437</controlfield>
      <controlfield tag="003">DE-633</controlfield>
      <controlfield tag="005">20250620052302.0</controlfield>
      <controlfield tag="008">210809||||z|||a|||||||||||||||||n||||||d</controlfield>
      <datafield tag="024" ind1="7" ind2=" ">
         <subfield code="a">124900733</subfield>
         <subfield code="2">VIAF</subfield>
      </datafield>
      <datafield tag="024" ind1="7" ind2=" ">
         <subfield code="a">Q21009103</subfield>
         <subfield code="2">WKP</subfield>
      </datafield>
      <datafield tag="024" ind1="7" ind2=" ">
         <subfield code="a">F-DRGad</subfield>
         <subfield code="q">siglum</subfield>
         <subfield code="2">rism</subfield>
      </datafield>
      <datafield tag="034" ind1="1" ind2=" ">
         <subfield code="d">6.475695177378391</subfield>
         <subfield code="f">43.53491665770328</subfield>
      </datafield>
      <datafield tag="040" ind1=" " ind2=" ">
         <subfield code="a">DE-633</subfield>
         <subfield code="c">DE-633</subfield>
         <subfield code="e">rismg</subfield>
      </datafield>
      <datafield tag="043" ind1=" " ind2=" ">
         <subfield code="c">XA-FR</subfield>
      </datafield>
      <datafield tag="110" ind1="1" ind2=" ">
         <subfield code="a">Archives départementales du Var</subfield>
         <subfield code="c">Draguignan</subfield>
         <subfield code="g">F-DRGad</subfield>
      </datafield>
      <datafield tag="368" ind1=" " ind2=" ">
         <subfield code="a">Institution</subfield>
         <subfield code="a">Library</subfield>
         <subfield code="a">Archive</subfield>
      </datafield>
      <datafield tag="371" ind1=" " ind2=" ">
         <subfield code="a">Pôle Culturel Chabran</subfield>
         <subfield code="a">660 boulevard J.-F. Kennedy</subfield>
         <subfield code="b">Draguignan</subfield>
         <subfield code="c">Département du Var</subfield>
         <subfield code="d">France</subfield>
         <subfield code="e">83300</subfield>
         <subfield code="u">https://archives.var.fr/</subfield>
         <subfield code="z">tel: +33 / 04 83 95 83 83</subfield>
         <subfield code="z">fax: +33 / 04 83 95 83 29</subfield>
      </datafield>
      <datafield tag="551" ind1="1" ind2=" ">
         <subfield code="a">Draguignan</subfield>
         <subfield code="0">places/50004430</subfield>
      </datafield>
   </record>