
   <record>
      <leader>00000nz  a2200000nc 4500</leader>
      <controlfield tag="001">institutions/30001446</controlfield>
      <controlfield tag="003">DE-633</controlfield>
      <controlfield tag="005">20250620052004.0</controlfield>
      <controlfield tag="008">161109||||z|||a|||||||||||||||||n||||||d</controlfield>
      <datafield tag="024" ind1="7" ind2=" ">
         <subfield code="a">169261871</subfield>
         <subfield code="2">VIAF</subfield>
      </datafield>
      <datafield tag="024" ind1="7" ind2=" ">
         <subfield code="a">Q18599906</subfield>
         <subfield code="2">WKP</subfield>
      </datafield>
      <datafield tag="024" ind1="7" ind2=" ">
         <subfield code="a">F-Dm</subfield>
         <subfield code="q">siglum</subfield>
         <subfield code="2">rism</subfield>
      </datafield>
      <datafield tag="034" ind1="1" ind2=" ">
         <subfield code="d">5.042424</subfield>
         <subfield code="f">47.319322</subfield>
      </datafield>
      <datafield tag="040" ind1=" " ind2=" ">
         <subfield code="a">DE-633</subfield>
         <subfield code="c">DE-633</subfield>
         <subfield code="e">rismg</subfield>
      </datafield>
      <datafield tag="043" ind1=" " ind2=" ">
         <subfield code="c">XA-FR</subfield>
      </datafield>
      <datafield tag="110" ind1="1" ind2=" ">
         <subfield code="a">Bibliothèque municipale</subfield>
         <subfield code="c">Dijon</subfield>
         <subfield code="g">F-Dm</subfield>
      </datafield>
      <datafield tag="368" ind1=" " ind2=" ">
         <subfield code="a">Institution</subfield>
         <subfield code="a">Library</subfield>
      </datafield>
      <datafield tag="371" ind1=" " ind2=" ">
         <subfield code="a">5, Rue de l'École de droit</subfield>
         <subfield code="b">Dijon</subfield>
         <subfield code="c">Département Côte-d’Or</subfield>
         <subfield code="d">France</subfield>
         <subfield code="e">21000</subfield>
         <subfield code="m">bmdijon@ville-dijon.fr</subfield>
         <subfield code="u">https://bm.dijon.fr/</subfield>
         <subfield code="z">tel: +33 / 03 / 80 48 82 30</subfield>
      </datafield>
      <datafield tag="410" ind1=" " ind2=" ">
         <subfield code="a">Bibliothèque publique</subfield>
      </datafield>
      <datafield tag="551" ind1="1" ind2=" ">
         <subfield code="a">Dijon</subfield>
         <subfield code="0">places/3900025</subfield>
      </datafield>
      <datafield tag="667" ind1=" " ind2=" ">
         <subfield code="a">Published sources: 24</subfield>
      </datafield>
   </record>