
   <record>
      <leader>00000nz  a2200000nc 4500</leader>
      <controlfield tag="001">institutions/30003346</controlfield>
      <controlfield tag="003">DE-633</controlfield>
      <controlfield tag="005">20250620052020.0</controlfield>
      <controlfield tag="008">161109||||z|||a|||||||||||||||||n||||||d</controlfield>
      <datafield tag="024" ind1="7" ind2=" ">
         <subfield code="a">148587702</subfield>
         <subfield code="2">VIAF</subfield>
      </datafield>
      <datafield tag="024" ind1="7" ind2=" ">
         <subfield code="a">F-F</subfield>
         <subfield code="q">siglum</subfield>
         <subfield code="2">rism</subfield>
      </datafield>
      <datafield tag="034" ind1="1" ind2=" ">
         <subfield code="d">1.6098118325684678</subfield>
         <subfield code="f">42.96064577869378</subfield>
      </datafield>
      <datafield tag="040" ind1=" " ind2=" ">
         <subfield code="a">DE-633</subfield>
         <subfield code="c">DE-633</subfield>
         <subfield code="e">rismg</subfield>
      </datafield>
      <datafield tag="043" ind1=" " ind2=" ">
         <subfield code="c">XA-FR</subfield>
      </datafield>
      <datafield tag="110" ind1="1" ind2=" ">
         <subfield code="a">La Médiathèque</subfield>
         <subfield code="c">Foix</subfield>
         <subfield code="g">F-F</subfield>
      </datafield>
      <datafield tag="368" ind1=" " ind2=" ">
         <subfield code="a">Institution</subfield>
         <subfield code="a">Library</subfield>
      </datafield>
      <datafield tag="371" ind1=" " ind2=" ">
         <subfield code="a">Espace Olivier Carol</subfield>
         <subfield code="a">20 bis, Avenue du Général de Gaulle</subfield>
         <subfield code="b">Foix</subfield>
         <subfield code="c">Département Ariège</subfield>
         <subfield code="d">France</subfield>
         <subfield code="e">09007</subfield>
         <subfield code="m">mediatheque.foix@agglo-pfv.fr</subfield>
         <subfield code="u">https://www.mairie-foix.fr/Culture%20/%20loisirs/56/78</subfield>
         <subfield code="z">tel: +33 / 05 / 34 09 37 80</subfield>
      </datafield>
      <datafield tag="410" ind1=" " ind2=" ">
         <subfield code="a">Bibliothèque municipale</subfield>
      </datafield>
      <datafield tag="551" ind1="1" ind2=" ">
         <subfield code="a">Foix</subfield>
         <subfield code="0">places/3903788</subfield>
      </datafield>
   </record>