
   <record>
      <leader>00000nz  a2200000nc 4500</leader>
      <controlfield tag="001">institutions/51006776</controlfield>
      <controlfield tag="003">DE-633</controlfield>
      <controlfield tag="005">20250620052310.0</controlfield>
      <controlfield tag="008">220927||||z|||a|||||||||||||||||n||||||d</controlfield>
      <datafield tag="024" ind1="7" ind2=" ">
         <subfield code="a">F-GAPmd</subfield>
         <subfield code="q">siglum</subfield>
         <subfield code="2">rism</subfield>
      </datafield>
      <datafield tag="034" ind1="1" ind2=" ">
         <subfield code="d">6.084215362489448</subfield>
         <subfield code="f">44.56010686799081</subfield>
      </datafield>
      <datafield tag="040" ind1=" " ind2=" ">
         <subfield code="a">DE-633</subfield>
         <subfield code="c">DE-633</subfield>
         <subfield code="e">rismg</subfield>
      </datafield>
      <datafield tag="043" ind1=" " ind2=" ">
         <subfield code="c">XA-FR</subfield>
      </datafield>
      <datafield tag="110" ind1="1" ind2=" ">
         <subfield code="a">La Médiathèque diocésaine Mgr Depéry</subfield>
         <subfield code="c">Gap</subfield>
         <subfield code="g">F-GAPmd</subfield>
      </datafield>
      <datafield tag="368" ind1=" " ind2=" ">
         <subfield code="a">Institution</subfield>
         <subfield code="a">Library</subfield>
      </datafield>
      <datafield tag="371" ind1=" " ind2=" ">
         <subfield code="a">Centre diocésain Pape François: 9 rue Capitaine de Bresson</subfield>
         <subfield code="b">05000 Gap</subfield>
         <subfield code="c">Département des Hautes-Alpes</subfield>
         <subfield code="d">France</subfield>
         <subfield code="m">bibliotheque@diocesedegap.com</subfield>
         <subfield code="u">https://www.diocesedegap.fr/la-bibliotheque-diocesaine-mgr-depery/</subfield>
         <subfield code="u">http://mediatheque-diocesedegap.com/</subfield>
         <subfield code="z">tel: +33 / 04 92 40 02 82</subfield>
      </datafield>
      <datafield tag="551" ind1="1" ind2=" ">
         <subfield code="a">Gap</subfield>
         <subfield code="0">places/3903704</subfield>
      </datafield>
   </record>