
   <record>
      <leader>00000nz  a2200000nc 4500</leader>
      <controlfield tag="001">institutions/30006617</controlfield>
      <controlfield tag="003">DE-633</controlfield>
      <controlfield tag="005">20250620052049.0</controlfield>
      <controlfield tag="008">161109||||z|||a|||||||||||||||||n||||||d</controlfield>
      <datafield tag="024" ind1="7" ind2=" ">
         <subfield code="a">127600183</subfield>
         <subfield code="2">VIAF</subfield>
      </datafield>
      <datafield tag="024" ind1="7" ind2=" ">
         <subfield code="a">F-GR</subfield>
         <subfield code="q">siglum</subfield>
         <subfield code="2">rism</subfield>
      </datafield>
      <datafield tag="034" ind1="1" ind2=" ">
         <subfield code="d">6.9168873747223465</subfield>
         <subfield code="f">43.655397631733194</subfield>
      </datafield>
      <datafield tag="040" ind1=" " ind2=" ">
         <subfield code="a">DE-633</subfield>
         <subfield code="c">DE-633</subfield>
         <subfield code="e">rismg</subfield>
      </datafield>
      <datafield tag="043" ind1=" " ind2=" ">
         <subfield code="c">XA-FR</subfield>
      </datafield>
      <datafield tag="110" ind1="1" ind2=" ">
         <subfield code="a">Bibliothèque &amp; Médiathèques de Grasse</subfield>
         <subfield code="c">Grasse</subfield>
         <subfield code="g">F-GR</subfield>
      </datafield>
      <datafield tag="368" ind1=" " ind2=" ">
         <subfield code="a">Institution</subfield>
         <subfield code="a">Library</subfield>
      </datafield>
      <datafield tag="371" ind1=" " ind2=" ">
         <subfield code="a">Villa Saint-Hilaire</subfield>
         <subfield code="a">1 impasse Ernest Boursier-Mougenot (ex Bd A. Maure)</subfield>
         <subfield code="b">Grasse</subfield>
         <subfield code="c">Département des Alpes-Maritimes</subfield>
         <subfield code="d">France</subfield>
         <subfield code="e">06130</subfield>
         <subfield code="u">https://www.mediatheques.grasse.fr/index.php</subfield>
         <subfield code="z">tel: +33 / 04 / 97 05 58 53</subfield>
      </datafield>
      <datafield tag="410" ind1=" " ind2=" ">
         <subfield code="a">Bibliothèque municipale</subfield>
      </datafield>
      <datafield tag="551" ind1="1" ind2=" ">
         <subfield code="a">Grasse</subfield>
         <subfield code="0">places/3900079</subfield>
      </datafield>
   </record>