
   <record>
      <leader>00000nz  a2200000nc 4500</leader>
      <controlfield tag="001">institutions/51002599</controlfield>
      <controlfield tag="003">DE-633</controlfield>
      <controlfield tag="005">20250620052246.0</controlfield>
      <controlfield tag="008">190114||||z|||a|||||||||||||||||n||||||d</controlfield>
      <datafield tag="024" ind1="7" ind2=" ">
         <subfield code="a">F-GUmas</subfield>
         <subfield code="q">siglum</subfield>
         <subfield code="2">rism</subfield>
      </datafield>
      <datafield tag="034" ind1="1" ind2=" ">
         <subfield code="d">7.172674</subfield>
         <subfield code="f">48.046274</subfield>
      </datafield>
      <datafield tag="040" ind1=" " ind2=" ">
         <subfield code="a">DE-633</subfield>
         <subfield code="c">DE-633</subfield>
         <subfield code="e">rismg</subfield>
      </datafield>
      <datafield tag="043" ind1=" " ind2=" ">
         <subfield code="c">XA-FR</subfield>
      </datafield>
      <datafield tag="110" ind1="1" ind2=" ">
         <subfield code="a">Maison Albert Schweitzer Gunsbach</subfield>
         <subfield code="c">Gunsbach</subfield>
         <subfield code="g">F-GUmas</subfield>
      </datafield>
      <datafield tag="368" ind1=" " ind2=" ">
         <subfield code="a">Institution</subfield>
         <subfield code="a">Library</subfield>
      </datafield>
      <datafield tag="371" ind1=" " ind2=" ">
         <subfield code="a">8 Rue de Munster</subfield>
         <subfield code="b">Gunsbach</subfield>
         <subfield code="c">Département du Haut-Rhin</subfield>
         <subfield code="c">Alsace</subfield>
         <subfield code="d">France</subfield>
         <subfield code="e">68140</subfield>
         <subfield code="m">gunsbach@schweitzer.org</subfield>
         <subfield code="u">https://www.schweitzer.org/</subfield>
         <subfield code="z">tel: +33 / (0)3 / 89 77 31 42</subfield>
      </datafield>
      <datafield tag="551" ind1="1" ind2=" ">
         <subfield code="a">Gunsbach</subfield>
         <subfield code="0">places/4000112</subfield>
      </datafield>
   </record>