
   <record>
      <leader>00000nz  a2200000nc 4500</leader>
      <controlfield tag="001">institutions/30006132</controlfield>
      <controlfield tag="003">DE-633</controlfield>
      <controlfield tag="005">20250620052045.0</controlfield>
      <controlfield tag="008">161109||||z|||a|||||||||||||||||n||||||d</controlfield>
      <datafield tag="024" ind1="7" ind2=" ">
         <subfield code="a">169129366</subfield>
         <subfield code="2">VIAF</subfield>
      </datafield>
      <datafield tag="024" ind1="7" ind2=" ">
         <subfield code="a">Q106812055</subfield>
         <subfield code="2">WKP</subfield>
      </datafield>
      <datafield tag="024" ind1="7" ind2=" ">
         <subfield code="a">F-LANma</subfield>
         <subfield code="q">siglum</subfield>
         <subfield code="2">rism</subfield>
      </datafield>
      <datafield tag="034" ind1="1" ind2=" ">
         <subfield code="d">5.335197591837446</subfield>
         <subfield code="f">47.86382939233457</subfield>
      </datafield>
      <datafield tag="040" ind1=" " ind2=" ">
         <subfield code="a">DE-633</subfield>
         <subfield code="c">DE-633</subfield>
         <subfield code="e">rismg</subfield>
      </datafield>
      <datafield tag="043" ind1=" " ind2=" ">
         <subfield code="c">XA-FR</subfield>
      </datafield>
      <datafield tag="110" ind1="1" ind2=" ">
         <subfield code="a">Bibliothèque Marcel Arland</subfield>
         <subfield code="c">Langres</subfield>
         <subfield code="g">F-LANma</subfield>
      </datafield>
      <datafield tag="368" ind1=" " ind2=" ">
         <subfield code="a">Institution</subfield>
         <subfield code="a">Library</subfield>
      </datafield>
      <datafield tag="371" ind1=" " ind2=" ">
         <subfield code="a">4, Rue Cardinal-de-La-Luzerne</subfield>
         <subfield code="b">Langres</subfield>
         <subfield code="c">Département Haute-Marne</subfield>
         <subfield code="d">France</subfield>
         <subfield code="e">52200</subfield>
         <subfield code="m">bibliotheque.arland@langres.fr</subfield>
         <subfield code="u">https://mediatheques-langres.fr/le-reseau/les-mediatheques/54-marcel-arland</subfield>
         <subfield code="z">tel: +33 / 03 / 25 87 63 00</subfield>
      </datafield>
      <datafield tag="410" ind1=" " ind2=" ">
         <subfield code="a">Bibliothèque municipale Marcel Arland</subfield>
      </datafield>
      <datafield tag="551" ind1="1" ind2=" ">
         <subfield code="a">Langres</subfield>
         <subfield code="0">places/3900183</subfield>
      </datafield>
   </record>