
   <record>
      <leader>00000nz  a2200000nc 4500</leader>
      <controlfield tag="001">institutions/51008333</controlfield>
      <controlfield tag="003">DE-633</controlfield>
      <controlfield tag="005">20250620052321.0</controlfield>
      <controlfield tag="008">241029||||z|||a|||||||||||||||||n||||||d</controlfield>
      <datafield tag="024" ind1="7" ind2=" ">
         <subfield code="a">F-LMbd</subfield>
         <subfield code="q">siglum</subfield>
         <subfield code="2">rism</subfield>
      </datafield>
      <datafield tag="034" ind1="1" ind2=" ">
         <subfield code="d">0.20621298667730373</subfield>
         <subfield code="f">48.005064170131575</subfield>
      </datafield>
      <datafield tag="040" ind1=" " ind2=" ">
         <subfield code="a">DE-633</subfield>
         <subfield code="c">DE-633</subfield>
         <subfield code="e">rismg</subfield>
      </datafield>
      <datafield tag="043" ind1=" " ind2=" ">
         <subfield code="c">XA-FR</subfield>
      </datafield>
      <datafield tag="110" ind1="1" ind2=" ">
         <subfield code="a">Bibiothèque diocésaine Georges Grente</subfield>
         <subfield code="c">Le Mans</subfield>
         <subfield code="g">F-LMbd</subfield>
      </datafield>
      <datafield tag="368" ind1=" " ind2=" ">
         <subfield code="a">Institution</subfield>
         <subfield code="a">Library</subfield>
      </datafield>
      <datafield tag="371" ind1=" " ind2=" ">
         <subfield code="a">Maison diocésaine Saint-Julien</subfield>
         <subfield code="a">26 rue Albert Maignan</subfield>
         <subfield code="b">Le Mans</subfield>
         <subfield code="c">Sarthe</subfield>
         <subfield code="d">France</subfield>
         <subfield code="e">72000</subfield>
         <subfield code="m">bibliotheque@sarthecatholique.fr</subfield>
         <subfield code="u">https://www.sarthecatholique.fr/bibliotheque-diocesaine/</subfield>
         <subfield code="z">contact: Antoine Hamerel</subfield>
         <subfield code="z">tel: +33 / 02 43 54 50 21</subfield>
      </datafield>
      <datafield tag="551" ind1="1" ind2=" ">
         <subfield code="a">Le Mans</subfield>
         <subfield code="0">places/3903212</subfield>
      </datafield>
   </record>