
   <record>
      <leader>00000nz  a2200000nc 4500</leader>
      <controlfield tag="001">institutions/30076878</controlfield>
      <controlfield tag="003">DE-633</controlfield>
      <controlfield tag="005">20250620052112.0</controlfield>
      <controlfield tag="008">161109||||z|||a|||||||||||||||||n||||||d</controlfield>
      <datafield tag="024" ind1="7" ind2=" ">
         <subfield code="a">F-LPbd</subfield>
         <subfield code="q">siglum</subfield>
         <subfield code="2">rism</subfield>
      </datafield>
      <datafield tag="034" ind1="1" ind2=" ">
         <subfield code="d">3.886175</subfield>
         <subfield code="f">45.045730</subfield>
      </datafield>
      <datafield tag="040" ind1=" " ind2=" ">
         <subfield code="a">DE-633</subfield>
         <subfield code="c">DE-633</subfield>
         <subfield code="e">rismg</subfield>
      </datafield>
      <datafield tag="043" ind1=" " ind2=" ">
         <subfield code="c">XA-FR</subfield>
      </datafield>
      <datafield tag="110" ind1="1" ind2=" ">
         <subfield code="a">La Bibliothèque diocésaine</subfield>
         <subfield code="c">Le Puy-en-Velay</subfield>
         <subfield code="g">F-LPbd</subfield>
      </datafield>
      <datafield tag="368" ind1=" " ind2=" ">
         <subfield code="a">Institution</subfield>
         <subfield code="a">Library</subfield>
      </datafield>
      <datafield tag="371" ind1=" " ind2=" ">
         <subfield code="a">4 place Saint-Georges</subfield>
         <subfield code="b">Le Puy en Velay</subfield>
         <subfield code="c">Département Haute-Loire</subfield>
         <subfield code="d">France</subfield>
         <subfield code="e">43000</subfield>
         <subfield code="u">http://catholique-lepuy.cef.fr/La-Bibliotheque-diocesaine.html</subfield>
         <subfield code="z">tel: +33 / 04 / 71 09 69 94</subfield>
      </datafield>
      <datafield tag="410" ind1=" " ind2=" ">
         <subfield code="a">Bibliothèque du Grand Séminaire</subfield>
      </datafield>
      <datafield tag="551" ind1="1" ind2=" ">
         <subfield code="a">Le Puy-en-Velay</subfield>
         <subfield code="0">places/3903789</subfield>
      </datafield>
      <datafield tag="678" ind1="1" ind2=" ">
         <subfield code="a">Seit 2008 sind die Bibliothèque du Grand Séminaire du Puy-en-Velay und die Bibliothèque diocésaine miteinander vereint.</subfield>
      </datafield>
   </record>