
   <record>
      <leader>00000nz  a2200000nc 4500</leader>
      <controlfield tag="001">institutions/51002588</controlfield>
      <controlfield tag="003">DE-633</controlfield>
      <controlfield tag="005">20250620052246.0</controlfield>
      <controlfield tag="008">190107||||z|||a|||||||||||||||||n||||||d</controlfield>
      <datafield tag="024" ind1="7" ind2=" ">
         <subfield code="a">F-LVc</subfield>
         <subfield code="q">siglum</subfield>
         <subfield code="2">rism</subfield>
      </datafield>
      <datafield tag="034" ind1="1" ind2=" ">
         <subfield code="d">-0.778743</subfield>
         <subfield code="f">48.069856</subfield>
      </datafield>
      <datafield tag="040" ind1=" " ind2=" ">
         <subfield code="a">DE-633</subfield>
         <subfield code="c">DE-633</subfield>
         <subfield code="e">rismg</subfield>
      </datafield>
      <datafield tag="043" ind1=" " ind2=" ">
         <subfield code="c">XA-FR</subfield>
      </datafield>
      <datafield tag="110" ind1="1" ind2=" ">
         <subfield code="a">Bibliothèque du Conservatoire à rayonnement départemental</subfield>
         <subfield code="c">Laval</subfield>
         <subfield code="g">F-LVc</subfield>
      </datafield>
      <datafield tag="368" ind1=" " ind2=" ">
         <subfield code="a">Institution</subfield>
         <subfield code="a">Library</subfield>
      </datafield>
      <datafield tag="371" ind1=" " ind2=" ">
         <subfield code="a">27 rue de Bretagne</subfield>
         <subfield code="b">Laval</subfield>
         <subfield code="c">Département de la Mayenne</subfield>
         <subfield code="d">France</subfield>
         <subfield code="e">53 000</subfield>
         <subfield code="m">accueil-crd@agglo-laval.fr</subfield>
         <subfield code="u">https://www.laval.fr/decouvrir-sortir/activites-artistiques-et-culturelles/conservatoire-a-rayonnement-departemental</subfield>
         <subfield code="z">tel: +33 / 02 / 53741414</subfield>
      </datafield>
      <datafield tag="551" ind1="1" ind2=" ">
         <subfield code="a">Laval</subfield>
         <subfield code="0">places/3902189</subfield>
      </datafield>
   </record>