
   <record>
      <leader>00000nz  a2200000nc 4500</leader>
      <controlfield tag="001">institutions/51002712</controlfield>
      <controlfield tag="003">DE-633</controlfield>
      <controlfield tag="005">20250620052246.0</controlfield>
      <controlfield tag="008">190305||||z|||a|||||||||||||||||n||||||d</controlfield>
      <datafield tag="024" ind1="7" ind2=" ">
         <subfield code="a">F-LYas</subfield>
         <subfield code="q">siglum</subfield>
         <subfield code="2">rism</subfield>
      </datafield>
      <datafield tag="034" ind1="1" ind2=" ">
         <subfield code="d">4.827390</subfield>
         <subfield code="f">45.760427</subfield>
      </datafield>
      <datafield tag="040" ind1=" " ind2=" ">
         <subfield code="a">DE-633</subfield>
         <subfield code="c">DE-633</subfield>
         <subfield code="e">rismg</subfield>
      </datafield>
      <datafield tag="043" ind1=" " ind2=" ">
         <subfield code="c">XA-FR</subfield>
      </datafield>
      <datafield tag="110" ind1="1" ind2=" ">
         <subfield code="a">L'Académie des Sciences, Belles-Lettres et Arts de Lyon, Bibliothèque</subfield>
         <subfield code="c">Lyon</subfield>
         <subfield code="g">F-LYas</subfield>
      </datafield>
      <datafield tag="368" ind1=" " ind2=" ">
         <subfield code="a">Institution</subfield>
         <subfield code="a">Library</subfield>
      </datafield>
      <datafield tag="371" ind1=" " ind2=" ">
         <subfield code="a">Palais Saint-Jean</subfield>
         <subfield code="a">4, avenue Adolphe-Max</subfield>
         <subfield code="b">Lyon</subfield>
         <subfield code="d">France</subfield>
         <subfield code="e">69005</subfield>
         <subfield code="u">https://academie-sbla-lyon.fr/</subfield>
         <subfield code="z">tel: +33 / 04 / 78382654</subfield>
      </datafield>
      <datafield tag="551" ind1="1" ind2=" ">
         <subfield code="a">Lyon</subfield>
         <subfield code="0">places/3900206</subfield>
      </datafield>
   </record>