
   <record>
      <leader>00000nz  a2200000nc 4500</leader>
      <controlfield tag="001">institutions/30006135</controlfield>
      <controlfield tag="003">DE-633</controlfield>
      <controlfield tag="005">20250620052045.0</controlfield>
      <controlfield tag="008">161109||||z|||a|||||||||||||||||n||||||d</controlfield>
      <datafield tag="024" ind1="7" ind2=" ">
         <subfield code="a">309835036</subfield>
         <subfield code="2">VIAF</subfield>
      </datafield>
      <datafield tag="024" ind1="7" ind2=" ">
         <subfield code="a">F-Lu</subfield>
         <subfield code="q">siglum</subfield>
         <subfield code="2">rism</subfield>
      </datafield>
      <datafield tag="034" ind1="1" ind2=" ">
         <subfield code="d">3.125113743773079</subfield>
         <subfield code="f">50.62750733884027</subfield>
      </datafield>
      <datafield tag="040" ind1=" " ind2=" ">
         <subfield code="a">DE-633</subfield>
         <subfield code="c">DE-633</subfield>
         <subfield code="e">rismg</subfield>
      </datafield>
      <datafield tag="043" ind1=" " ind2=" ">
         <subfield code="c">XA-FR</subfield>
      </datafield>
      <datafield tag="110" ind1="1" ind2=" ">
         <subfield code="a">Université de Lille III, Bibliothèque universitaire Sciences humaines et sociales</subfield>
         <subfield code="c">Villeneuve d'ascq (Métropole européenne de Lille)</subfield>
         <subfield code="g">F-Lu</subfield>
      </datafield>
      <datafield tag="368" ind1=" " ind2=" ">
         <subfield code="a">Institution</subfield>
         <subfield code="a">Library</subfield>
      </datafield>
      <datafield tag="371" ind1=" " ind2=" ">
         <subfield code="a">Domaine universitaire du Pont de Bois</subfield>
         <subfield code="a">Rue du Barreau</subfield>
         <subfield code="b">Villeneuve d'ascq</subfield>
         <subfield code="c">Département Nord (Métropole européenne de Lille)</subfield>
         <subfield code="d">France</subfield>
         <subfield code="e">59652</subfield>
         <subfield code="u">https://www.univ-lille3.fr/bibliotheques/</subfield>
         <subfield code="z">tel: +33 / 03 / 20 41 70 00</subfield>
      </datafield>
      <datafield tag="410" ind1=" " ind2=" ">
         <subfield code="a">Université de Lille III, Bibliothèque centrale</subfield>
      </datafield>
      <datafield tag="551" ind1="1" ind2=" ">
         <subfield code="a">Villeneuve d'ascq</subfield>
         <subfield code="0">places/50004326</subfield>
      </datafield>
   </record>