
   <record>
      <leader>00000nz  a2200000nc 4500</leader>
      <controlfield tag="001">institutions/30001466</controlfield>
      <controlfield tag="003">DE-633</controlfield>
      <controlfield tag="005">20250620052004.0</controlfield>
      <controlfield tag="008">161109||||z|||a|||||||||||||||||n||||||d</controlfield>
      <datafield tag="024" ind1="7" ind2=" ">
         <subfield code="a">F-MD</subfield>
         <subfield code="q">siglum</subfield>
         <subfield code="2">rism</subfield>
      </datafield>
      <datafield tag="034" ind1="1" ind2=" ">
         <subfield code="d">6.800253</subfield>
         <subfield code="f">47.511493</subfield>
      </datafield>
      <datafield tag="040" ind1=" " ind2=" ">
         <subfield code="a">DE-633</subfield>
         <subfield code="c">DE-633</subfield>
         <subfield code="e">rismg</subfield>
      </datafield>
      <datafield tag="043" ind1=" " ind2=" ">
         <subfield code="c">XA-FR</subfield>
      </datafield>
      <datafield tag="110" ind1="1" ind2=" ">
         <subfield code="a">Médiathèque de Montbéliard</subfield>
         <subfield code="c">Montbéliard</subfield>
         <subfield code="g">F-MD</subfield>
      </datafield>
      <datafield tag="368" ind1=" " ind2=" ">
         <subfield code="a">Institution</subfield>
         <subfield code="a">Library</subfield>
      </datafield>
      <datafield tag="371" ind1=" " ind2=" ">
         <subfield code="a">6 Avenue des Alliés</subfield>
         <subfield code="b">Montbéliard</subfield>
         <subfield code="c">Département Doubs</subfield>
         <subfield code="d">France</subfield>
         <subfield code="e">25205</subfield>
         <subfield code="m">mediatheque@montbeliard.com</subfield>
         <subfield code="u">https://mediatheque.montbeliard.com/</subfield>
         <subfield code="z">tel: +33 / 03 / 81 99 24 24</subfield>
      </datafield>
      <datafield tag="410" ind1=" " ind2=" ">
         <subfield code="a">Bibliothèque municipale</subfield>
      </datafield>
      <datafield tag="551" ind1="1" ind2=" ">
         <subfield code="a">Montbéliard</subfield>
         <subfield code="0">places/3900016</subfield>
      </datafield>
      <datafield tag="667" ind1=" " ind2=" ">
         <subfield code="a">Published sources: 6</subfield>
      </datafield>
   </record>