
   <record>
      <leader>00000nz  a2200000nc 4500</leader>
      <controlfield tag="001">institutions/51000458</controlfield>
      <controlfield tag="003">DE-633</controlfield>
      <controlfield tag="005">20250620052237.0</controlfield>
      <controlfield tag="008">171005||||z|||a|||||||||||||||||n||||||d</controlfield>
      <datafield tag="024" ind1="7" ind2=" ">
         <subfield code="a">F-MELa</subfield>
         <subfield code="q">siglum</subfield>
         <subfield code="2">rism</subfield>
      </datafield>
      <datafield tag="034" ind1="1" ind2=" ">
         <subfield code="d">2.655111</subfield>
         <subfield code="f">48.536919</subfield>
      </datafield>
      <datafield tag="040" ind1=" " ind2=" ">
         <subfield code="a">DE-633</subfield>
         <subfield code="c">DE-633</subfield>
         <subfield code="e">rismg</subfield>
      </datafield>
      <datafield tag="043" ind1=" " ind2=" ">
         <subfield code="c">XA-FR</subfield>
      </datafield>
      <datafield tag="110" ind1="1" ind2=" ">
         <subfield code="a">Archives de Melun</subfield>
         <subfield code="c">Melun</subfield>
         <subfield code="g">F-MELa</subfield>
      </datafield>
      <datafield tag="368" ind1=" " ind2=" ">
         <subfield code="a">Institution</subfield>
         <subfield code="a">Library</subfield>
         <subfield code="a">Archive</subfield>
      </datafield>
      <datafield tag="371" ind1=" " ind2=" ">
         <subfield code="a">25 rue du Château</subfield>
         <subfield code="a">(au troisième étage du bâtiment Astrolabe)</subfield>
         <subfield code="b">Melun</subfield>
         <subfield code="c">Département de Seine-et-Marne</subfield>
         <subfield code="d">France</subfield>
         <subfield code="e">77000</subfield>
         <subfield code="m">archives@astrolabe-melun.fr</subfield>
         <subfield code="u">http://www.ville-melun.fr/projets-d-avenir/archives-de-melun</subfield>
         <subfield code="z">tel: +33 / 01 / 60 56 54 30</subfield>
         <subfield code="z">fax: +33 / 01 / 60 56 96 54</subfield>
      </datafield>
      <datafield tag="551" ind1="1" ind2=" ">
         <subfield code="a">Melun</subfield>
         <subfield code="0">places/3900083</subfield>
      </datafield>
   </record>