
   <record>
      <leader>00000nz  a2200000nc 4500</leader>
      <controlfield tag="001">institutions/51003128</controlfield>
      <controlfield tag="003">DE-633</controlfield>
      <controlfield tag="005">20250620052248.0</controlfield>
      <controlfield tag="008">190725||||z|||a|||||||||||||||||n||||||d</controlfield>
      <datafield tag="024" ind1="7" ind2=" ">
         <subfield code="a">154453062</subfield>
         <subfield code="2">VIAF</subfield>
      </datafield>
      <datafield tag="024" ind1="7" ind2=" ">
         <subfield code="a">F-MEam</subfield>
         <subfield code="q">siglum</subfield>
         <subfield code="2">rism</subfield>
      </datafield>
      <datafield tag="034" ind1="1" ind2=" ">
         <subfield code="d">6.180187</subfield>
         <subfield code="f">49.119589</subfield>
      </datafield>
      <datafield tag="040" ind1=" " ind2=" ">
         <subfield code="a">DE-633</subfield>
         <subfield code="c">DE-633</subfield>
         <subfield code="e">rismg</subfield>
      </datafield>
      <datafield tag="043" ind1=" " ind2=" ">
         <subfield code="c">XA-FR</subfield>
      </datafield>
      <datafield tag="110" ind1="1" ind2=" ">
         <subfield code="a">Archives municipales</subfield>
         <subfield code="c">Metz</subfield>
         <subfield code="g">F-MEam</subfield>
      </datafield>
      <datafield tag="368" ind1=" " ind2=" ">
         <subfield code="a">Institution</subfield>
         <subfield code="a">Library</subfield>
         <subfield code="a">Archive</subfield>
      </datafield>
      <datafield tag="371" ind1=" " ind2=" ">
         <subfield code="a">1-3 rue des Récollets</subfield>
         <subfield code="b">Metz</subfield>
         <subfield code="c">Département de la Moselle</subfield>
         <subfield code="d">France</subfield>
         <subfield code="e">57000</subfield>
         <subfield code="m">archives@mairie-metz.fr</subfield>
         <subfield code="u">https://archives.metz.fr/</subfield>
      </datafield>
      <datafield tag="551" ind1="1" ind2=" ">
         <subfield code="a">Metz</subfield>
         <subfield code="0">places/3900194</subfield>
      </datafield>
   </record>