
   <record>
      <leader>00000nz  a2200000nc 4500</leader>
      <controlfield tag="001">institutions/30002999</controlfield>
      <controlfield tag="003">DE-633</controlfield>
      <controlfield tag="005">20250620052017.0</controlfield>
      <controlfield tag="008">161109||||z|||a|||||||||||||||||n||||||d</controlfield>
      <datafield tag="024" ind1="7" ind2=" ">
         <subfield code="a">150088932</subfield>
         <subfield code="2">VIAF</subfield>
      </datafield>
      <datafield tag="024" ind1="7" ind2=" ">
         <subfield code="a">Q88863956</subfield>
         <subfield code="2">WKP</subfield>
      </datafield>
      <datafield tag="024" ind1="7" ind2=" ">
         <subfield code="a">F-MOf</subfield>
         <subfield code="q">siglum</subfield>
         <subfield code="2">rism</subfield>
      </datafield>
      <datafield tag="034" ind1="1" ind2=" ">
         <subfield code="d">3.8734932393913915</subfield>
         <subfield code="f">43.612989922874426</subfield>
      </datafield>
      <datafield tag="040" ind1=" " ind2=" ">
         <subfield code="a">DE-633</subfield>
         <subfield code="c">DE-633</subfield>
         <subfield code="e">rismg</subfield>
      </datafield>
      <datafield tag="043" ind1=" " ind2=" ">
         <subfield code="c">XA-FR</subfield>
      </datafield>
      <datafield tag="110" ind1="1" ind2=" ">
         <subfield code="a">Bibliothèque universitaire Historique de Médecine</subfield>
         <subfield code="c">Montpellier</subfield>
         <subfield code="g">F-MOf</subfield>
      </datafield>
      <datafield tag="368" ind1=" " ind2=" ">
         <subfield code="a">Institution</subfield>
         <subfield code="a">Library</subfield>
      </datafield>
      <datafield tag="371" ind1=" " ind2=" ">
         <subfield code="a">2, Rue de l'Ecole de Médecine</subfield>
         <subfield code="b">Montpellier</subfield>
         <subfield code="c">Département de l'Hérault</subfield>
         <subfield code="d">France</subfield>
         <subfield code="e">34000</subfield>
         <subfield code="m">biu-patrimoine-bumedecine@umontpellier.fr</subfield>
         <subfield code="u">https://www.biu-montpellier.fr/trouver-une-bibliotheque/montpellier/buhm</subfield>
         <subfield code="z">tel: +33 / 04 / 34 43 35 80</subfield>
      </datafield>
      <datafield tag="410" ind1=" " ind2=" ">
         <subfield code="a">Faculté de Médecine de l'Université</subfield>
      </datafield>
      <datafield tag="551" ind1="1" ind2=" ">
         <subfield code="a">Montpellier</subfield>
         <subfield code="0">places/3900009</subfield>
      </datafield>
   </record>