
   <record>
      <leader>00000nz  a2200000nc 4500</leader>
      <controlfield tag="001">institutions/51007181</controlfield>
      <controlfield tag="003">DE-633</controlfield>
      <controlfield tag="005">20250620052313.0</controlfield>
      <controlfield tag="008">230425||||z|||a|||||||||||||||||n||||||d</controlfield>
      <datafield tag="024" ind1="7" ind2=" ">
         <subfield code="a">146128560</subfield>
         <subfield code="2">VIAF</subfield>
      </datafield>
      <datafield tag="024" ind1="7" ind2=" ">
         <subfield code="a">F-Mad</subfield>
         <subfield code="q">siglum</subfield>
         <subfield code="2">rism</subfield>
      </datafield>
      <datafield tag="034" ind1="1" ind2=" ">
         <subfield code="d">5.36977727126345</subfield>
         <subfield code="f">43.31238851052353</subfield>
      </datafield>
      <datafield tag="040" ind1=" " ind2=" ">
         <subfield code="a">DE-633</subfield>
         <subfield code="c">DE-633</subfield>
         <subfield code="e">rismg</subfield>
      </datafield>
      <datafield tag="043" ind1=" " ind2=" ">
         <subfield code="c">XA-FR</subfield>
      </datafield>
      <datafield tag="110" ind1="1" ind2=" ">
         <subfield code="a">Archives Départementales du Bouches-du-Rhône</subfield>
         <subfield code="c">Marseille</subfield>
         <subfield code="g">F-Mad</subfield>
      </datafield>
      <datafield tag="368" ind1=" " ind2=" ">
         <subfield code="a">Institution</subfield>
         <subfield code="a">Library</subfield>
         <subfield code="a">Archive</subfield>
      </datafield>
      <datafield tag="371" ind1=" " ind2=" ">
         <subfield code="a">18 rue Mirès</subfield>
         <subfield code="a">BP 10099</subfield>
         <subfield code="b">13303 Marseille Cedex</subfield>
         <subfield code="c">Département du Bouches-du-Rhône</subfield>
         <subfield code="d">France</subfield>
         <subfield code="m">archives13@departement13.fr</subfield>
         <subfield code="u">https://www.archives13.fr/</subfield>
         <subfield code="z">tel: +33 / (0)4 / 13 31 82 08</subfield>
      </datafield>
      <datafield tag="551" ind1="1" ind2=" ">
         <subfield code="a">Marseille</subfield>
         <subfield code="0">places/3900688</subfield>
      </datafield>
   </record>