
   <record>
      <leader>00000nz  a2200000nc 4500</leader>
      <controlfield tag="001">institutions/51002711</controlfield>
      <controlfield tag="003">DE-633</controlfield>
      <controlfield tag="005">20250620052246.0</controlfield>
      <controlfield tag="008">190305||||z|||a|||||||||||||||||n||||||d</controlfield>
      <datafield tag="024" ind1="7" ind2=" ">
         <subfield code="a">F-NAbud</subfield>
         <subfield code="q">siglum</subfield>
         <subfield code="2">rism</subfield>
      </datafield>
      <datafield tag="034" ind1="1" ind2=" ">
         <subfield code="d">6.176917</subfield>
         <subfield code="f">48.692833</subfield>
      </datafield>
      <datafield tag="040" ind1=" " ind2=" ">
         <subfield code="a">DE-633</subfield>
         <subfield code="c">DE-633</subfield>
         <subfield code="e">rismg</subfield>
      </datafield>
      <datafield tag="043" ind1=" " ind2=" ">
         <subfield code="c">XA-FR</subfield>
      </datafield>
      <datafield tag="110" ind1="1" ind2=" ">
         <subfield code="a">Université de Lorraine, Bibliothèque Universitaire de Droit et Sciences Économiques</subfield>
         <subfield code="c">Nancy</subfield>
         <subfield code="g">F-NAbud</subfield>
      </datafield>
      <datafield tag="368" ind1=" " ind2=" ">
         <subfield code="a">Institution</subfield>
         <subfield code="a">Library</subfield>
      </datafield>
      <datafield tag="371" ind1=" " ind2=" ">
         <subfield code="a">11, place Carnot</subfield>
         <subfield code="a">CS 84232</subfield>
         <subfield code="b">Nancy Cedex</subfield>
         <subfield code="d">France</subfield>
         <subfield code="e">54042</subfield>
         <subfield code="u">http://bu.univ-lorraine.fr/bibliotheques/droit-et-sciences-economiques</subfield>
         <subfield code="z">tel: +33 / 03 / 72740960</subfield>
         <subfield code="z">fax: +33 / 03 / 72741082</subfield>
      </datafield>
      <datafield tag="551" ind1="1" ind2=" ">
         <subfield code="a">Nancy</subfield>
         <subfield code="0">places/3900195</subfield>
      </datafield>
   </record>