
   <record>
      <leader>00000nz  a2200000nc 4500</leader>
      <controlfield tag="001">institutions/51005574</controlfield>
      <controlfield tag="003">DE-633</controlfield>
      <controlfield tag="005">20250620052303.0</controlfield>
      <controlfield tag="008">210914||||z|||a|||||||||||||||||n||||||d</controlfield>
      <datafield tag="024" ind1="7" ind2=" ">
         <subfield code="a">168859642</subfield>
         <subfield code="2">VIAF</subfield>
      </datafield>
      <datafield tag="024" ind1="7" ind2=" ">
         <subfield code="a">Q19606448</subfield>
         <subfield code="2">WKP</subfield>
      </datafield>
      <datafield tag="024" ind1="7" ind2=" ">
         <subfield code="a">F-NEadn</subfield>
         <subfield code="q">siglum</subfield>
         <subfield code="2">rism</subfield>
      </datafield>
      <datafield tag="034" ind1="1" ind2=" ">
         <subfield code="d">3.1627317044977117</subfield>
         <subfield code="f">46.99460113804282</subfield>
      </datafield>
      <datafield tag="040" ind1=" " ind2=" ">
         <subfield code="a">DE-633</subfield>
         <subfield code="c">DE-633</subfield>
         <subfield code="e">rismg</subfield>
      </datafield>
      <datafield tag="043" ind1=" " ind2=" ">
         <subfield code="c">XA-FR</subfield>
      </datafield>
      <datafield tag="110" ind1="1" ind2=" ">
         <subfield code="a">Archives départementales de la Nièvre</subfield>
         <subfield code="c">Nevers</subfield>
         <subfield code="g">F-NEadn</subfield>
      </datafield>
      <datafield tag="368" ind1=" " ind2=" ">
         <subfield code="a">Institution</subfield>
         <subfield code="a">Library</subfield>
         <subfield code="a">Archive</subfield>
      </datafield>
      <datafield tag="371" ind1=" " ind2=" ">
         <subfield code="a">1 rue Charles-Roy</subfield>
         <subfield code="b">Nevers</subfield>
         <subfield code="c">Département de la Nièvre</subfield>
         <subfield code="d">France</subfield>
         <subfield code="e">58000</subfield>
         <subfield code="m">archives@nievre.fr</subfield>
         <subfield code="u">https://archives.nievre.fr/</subfield>
         <subfield code="z">tel: +33 / 03 / 86 60 68 30</subfield>
      </datafield>
      <datafield tag="551" ind1="1" ind2=" ">
         <subfield code="a">Nevers</subfield>
         <subfield code="0">places/3900028</subfield>
      </datafield>
   </record>