
   <record>
      <leader>00000nz  a2200000nc 4500</leader>
      <controlfield tag="001">institutions/51000290</controlfield>
      <controlfield tag="003">DE-633</controlfield>
      <controlfield tag="005">20250620052236.0</controlfield>
      <controlfield tag="008">170509||||z|||a|||||||||||||||||n||||||d</controlfield>
      <datafield tag="024" ind1="7" ind2=" ">
         <subfield code="a">F-Nahdn</subfield>
         <subfield code="q">siglum</subfield>
         <subfield code="2">rism</subfield>
      </datafield>
      <datafield tag="034" ind1="1" ind2=" ">
         <subfield code="d">-1.570787</subfield>
         <subfield code="f">47.233032</subfield>
      </datafield>
      <datafield tag="040" ind1=" " ind2=" ">
         <subfield code="a">DE-633</subfield>
         <subfield code="c">DE-633</subfield>
         <subfield code="e">rismg</subfield>
      </datafield>
      <datafield tag="043" ind1=" " ind2=" ">
         <subfield code="c">XA-FR</subfield>
      </datafield>
      <datafield tag="110" ind1="1" ind2=" ">
         <subfield code="a">Les Archives Historiques du Diocèse de Nantes (AHDN)</subfield>
         <subfield code="c">Nantes</subfield>
         <subfield code="g">F-Nahdn</subfield>
      </datafield>
      <datafield tag="368" ind1=" " ind2=" ">
         <subfield code="a">Institution</subfield>
         <subfield code="a">Library</subfield>
         <subfield code="a">Archive</subfield>
      </datafield>
      <datafield tag="371" ind1=" " ind2=" ">
         <subfield code="a">7 rue Cardinal Richard</subfield>
         <subfield code="a">BP 52204</subfield>
         <subfield code="b">Nantes Cedex 3</subfield>
         <subfield code="c">Département de Loire-Atlantique</subfield>
         <subfield code="d">France</subfield>
         <subfield code="e">44322</subfield>
         <subfield code="m">archiveshistoriques@ad-nantes.org</subfield>
         <subfield code="u">http://nantes.cef.fr/service_mvt/patrimoine-art-culture-et-foi/les-archives-historiques</subfield>
         <subfield code="z">tel: +33 / (0)2 / 40 76 38 70</subfield>
      </datafield>
      <datafield tag="551" ind1="1" ind2=" ">
         <subfield code="a">Nantes</subfield>
         <subfield code="0">places/3902193</subfield>
      </datafield>
   </record>