
   <record>
      <leader>00000nz  a2200000nc 4500</leader>
      <controlfield tag="001">institutions/51000291</controlfield>
      <controlfield tag="003">DE-633</controlfield>
      <controlfield tag="005">20250620052236.0</controlfield>
      <controlfield tag="008">170509||||z|||a|||||||||||||||||n||||||d</controlfield>
      <datafield tag="024" ind1="7" ind2=" ">
         <subfield code="a">F-Nbd</subfield>
         <subfield code="q">siglum</subfield>
         <subfield code="2">rism</subfield>
      </datafield>
      <datafield tag="034" ind1="1" ind2=" ">
         <subfield code="d">-1.571719</subfield>
         <subfield code="f">47.232206</subfield>
      </datafield>
      <datafield tag="040" ind1=" " ind2=" ">
         <subfield code="a">DE-633</subfield>
         <subfield code="c">DE-633</subfield>
         <subfield code="e">rismg</subfield>
      </datafield>
      <datafield tag="043" ind1=" " ind2=" ">
         <subfield code="c">XA-FR</subfield>
      </datafield>
      <datafield tag="110" ind1="1" ind2=" ">
         <subfield code="a">Doicèse de Nantes, Bibliothèque diocésaine</subfield>
         <subfield code="c">Nantes</subfield>
         <subfield code="g">F-Nbd</subfield>
      </datafield>
      <datafield tag="368" ind1=" " ind2=" ">
         <subfield code="a">Institution</subfield>
         <subfield code="a">Library</subfield>
      </datafield>
      <datafield tag="371" ind1=" " ind2=" ">
         <subfield code="a">18, rue de la Gourmette</subfield>
         <subfield code="b">Nantes</subfield>
         <subfield code="c">Département de Loire-Atlantique</subfield>
         <subfield code="d">France</subfield>
         <subfield code="e">44300</subfield>
         <subfield code="m">bibliotheque@nantes.cef.fr</subfield>
         <subfield code="u">http://nantes.cef.fr/service_mvt/patrimoine-art-culture-et-foi/bibliotheque-diocesaine</subfield>
         <subfield code="z">tel: +33 / (0)2 / 51 83 60 12</subfield>
         <subfield code="z">accès par le: 7, rue Cardinal Richard</subfield>
      </datafield>
      <datafield tag="551" ind1="1" ind2=" ">
         <subfield code="a">Nantes</subfield>
         <subfield code="0">places/3902193</subfield>
      </datafield>
   </record>