
   <record>
      <leader>00000nz  a2200000nc 4500</leader>
      <controlfield tag="001">institutions/30061542</controlfield>
      <controlfield tag="003">DE-633</controlfield>
      <controlfield tag="005">20250620052102.0</controlfield>
      <controlfield tag="008">161109||||z|||a|||||||||||||||||n||||||d</controlfield>
      <datafield tag="024" ind1="7" ind2=" ">
         <subfield code="a">F-Ncidre</subfield>
         <subfield code="q">siglum</subfield>
         <subfield code="2">rism</subfield>
      </datafield>
      <datafield tag="034" ind1="2" ind2=" ">
         <subfield code="d">-1.5401422</subfield>
         <subfield code="f">47.2550769</subfield>
      </datafield>
      <datafield tag="040" ind1=" " ind2=" ">
         <subfield code="a">DE-633</subfield>
         <subfield code="c">DE-633</subfield>
         <subfield code="e">rismg</subfield>
      </datafield>
      <datafield tag="043" ind1=" " ind2=" ">
         <subfield code="c">XA-FR</subfield>
      </datafield>
      <datafield tag="110" ind1="2" ind2=" ">
         <subfield code="a">Université, Centre interdépartemental de documentation et de recherche (CIDRe) [Nantes]</subfield>
         <subfield code="c">Nantes</subfield>
         <subfield code="g">F-Ncidre</subfield>
      </datafield>
      <datafield tag="368" ind1=" " ind2=" ">
         <subfield code="a">Library</subfield>
      </datafield>
      <datafield tag="371" ind1=" " ind2=" ">
         <subfield code="u">http://www.univ-nantes.fr/</subfield>
      </datafield>
      <datafield tag="551" ind1=" " ind2=" ">
         <subfield code="a">Nantes</subfield>
         <subfield code="0">places/3902193</subfield>
      </datafield>
   </record>