
   <record>
      <leader>00000nz  a2200000nc 4500</leader>
      <controlfield tag="001">institutions/51000292</controlfield>
      <controlfield tag="003">DE-633</controlfield>
      <controlfield tag="005">20250620052236.0</controlfield>
      <controlfield tag="008">170509||||z|||a|||||||||||||||||n||||||d</controlfield>
      <datafield tag="024" ind1="7" ind2=" ">
         <subfield code="a">131319133</subfield>
         <subfield code="2">VIAF</subfield>
      </datafield>
      <datafield tag="024" ind1="7" ind2=" ">
         <subfield code="a">F-PEad</subfield>
         <subfield code="q">siglum</subfield>
         <subfield code="2">rism</subfield>
      </datafield>
      <datafield tag="034" ind1="1" ind2=" ">
         <subfield code="d">0.718771</subfield>
         <subfield code="f">45.181855</subfield>
      </datafield>
      <datafield tag="040" ind1=" " ind2=" ">
         <subfield code="a">DE-633</subfield>
         <subfield code="c">DE-633</subfield>
         <subfield code="e">rismg</subfield>
      </datafield>
      <datafield tag="043" ind1=" " ind2=" ">
         <subfield code="c">XA-FR</subfield>
      </datafield>
      <datafield tag="110" ind1="1" ind2=" ">
         <subfield code="a">Archives départementales de la Dordogne</subfield>
         <subfield code="c">Périgueux</subfield>
         <subfield code="g">F-PEad</subfield>
      </datafield>
      <datafield tag="368" ind1=" " ind2=" ">
         <subfield code="a">Institution</subfield>
         <subfield code="a">Library</subfield>
      </datafield>
      <datafield tag="371" ind1=" " ind2=" ">
         <subfield code="a">9, rue Littré</subfield>
         <subfield code="b">Périgueux</subfield>
         <subfield code="c">Département de la Dordogne</subfield>
         <subfield code="d">France</subfield>
         <subfield code="e">24000</subfield>
         <subfield code="m">cd24.archives@dordogne.fr</subfield>
         <subfield code="u">http://archives.dordogne.fr/index.php</subfield>
         <subfield code="z">tel: +33 / (0)5 / 53 03 33 33</subfield>
      </datafield>
      <datafield tag="551" ind1="1" ind2=" ">
         <subfield code="a">Périgueux</subfield>
         <subfield code="0">places/3903710</subfield>
      </datafield>
   </record>