
   <record>
      <leader>00000nz  a2200000nc 4500</leader>
      <controlfield tag="001">institutions/51008767</controlfield>
      <controlfield tag="003">DE-633</controlfield>
      <controlfield tag="005">20250620052325.0</controlfield>
      <controlfield tag="008">250512||||z|||a|||||||||||||||||n||||||d</controlfield>
      <datafield tag="024" ind1="7" ind2=" ">
         <subfield code="a">Q182542</subfield>
         <subfield code="2">WKP</subfield>
      </datafield>
      <datafield tag="024" ind1="7" ind2=" ">
         <subfield code="a">F-PSan</subfield>
         <subfield code="q">siglum</subfield>
         <subfield code="2">rism</subfield>
      </datafield>
      <datafield tag="040" ind1=" " ind2=" ">
         <subfield code="a">DE-633</subfield>
         <subfield code="b">ger</subfield>
         <subfield code="c">DE-633</subfield>
         <subfield code="e">rismg</subfield>
      </datafield>
      <datafield tag="043" ind1=" " ind2=" ">
         <subfield code="c">XA-FR</subfield>
      </datafield>
      <datafield tag="110" ind1="1" ind2=" ">
         <subfield code="a">Archives nationales</subfield>
         <subfield code="c">Pierrefitte-sur-Seine</subfield>
         <subfield code="g">F-PSan</subfield>
      </datafield>
      <datafield tag="368" ind1=" " ind2=" ">
         <subfield code="a">Institution</subfield>
         <subfield code="a">Archive</subfield>
         <subfield code="a">Library</subfield>
      </datafield>
      <datafield tag="371" ind1=" " ind2=" ">
         <subfield code="a">59 rue Guynemer</subfield>
         <subfield code="b">Pierrefitte-sur-Seine</subfield>
         <subfield code="c">Département de la Seine-Saint-Denis</subfield>
         <subfield code="d">France</subfield>
         <subfield code="e">93380</subfield>
         <subfield code="u">https://www.archives-nationales.culture.gouv.fr/fr_FR/web/guest/site-de-pierrefitte</subfield>
         <subfield code="z">tel: + 33 / (0)1 / 75 47 20 00</subfield>
      </datafield>
      <datafield tag="551" ind1="1" ind2=" ">
         <subfield code="a">Pierrefitte-sur-Seine</subfield>
         <subfield code="0">places/50021504</subfield>
      </datafield>
   </record>