
   <record>
      <leader>00000nz  a2200000nc 4500</leader>
      <controlfield tag="001">institutions/51007733</controlfield>
      <controlfield tag="003">DE-633</controlfield>
      <controlfield tag="005">20250620052317.0</controlfield>
      <controlfield tag="008">240119||||z|||a|||||||||||||||||n||||||d</controlfield>
      <datafield tag="024" ind1="7" ind2=" ">
         <subfield code="a">123203853</subfield>
         <subfield code="2">VIAF</subfield>
      </datafield>
      <datafield tag="024" ind1="7" ind2=" ">
         <subfield code="a">132957923</subfield>
         <subfield code="2">VIAF</subfield>
      </datafield>
      <datafield tag="024" ind1="7" ind2=" ">
         <subfield code="a">Q2901367</subfield>
         <subfield code="2">WKP</subfield>
      </datafield>
      <datafield tag="024" ind1="7" ind2=" ">
         <subfield code="a">F-Pabn</subfield>
         <subfield code="q">siglum</subfield>
         <subfield code="2">rism</subfield>
      </datafield>
      <datafield tag="034" ind1="1" ind2=" ">
         <subfield code="d">2.3186376686221046</subfield>
         <subfield code="f">48.861896213090326</subfield>
      </datafield>
      <datafield tag="040" ind1=" " ind2=" ">
         <subfield code="a">DE-633</subfield>
         <subfield code="c">DE-633</subfield>
         <subfield code="e">rismg</subfield>
      </datafield>
      <datafield tag="043" ind1=" " ind2=" ">
         <subfield code="c">XA-FR</subfield>
      </datafield>
      <datafield tag="110" ind1="1" ind2=" ">
         <subfield code="a">Bibliothèque et archives de l'Assemblée nationale</subfield>
         <subfield code="c">Paris</subfield>
         <subfield code="g">F-Pabn</subfield>
      </datafield>
      <datafield tag="368" ind1=" " ind2=" ">
         <subfield code="a">Institution</subfield>
         <subfield code="a">Library</subfield>
         <subfield code="a">Archive</subfield>
      </datafield>
      <datafield tag="371" ind1=" " ind2=" ">
         <subfield code="a">126 Rue de l'Université</subfield>
         <subfield code="b">75355 Paris 07 SP</subfield>
         <subfield code="d">France</subfield>
         <subfield code="m">bibliotheque@assemblee-nationale.fr.</subfield>
         <subfield code="m">archives@assemblee-nationale.fr.</subfield>
         <subfield code="u">https://www2.assemblee-nationale.fr/informations-pratiques/bibliotheque-et-archives</subfield>
         <subfield code="u">https://archives.assemblee-nationale.fr/</subfield>
         <subfield code="u">https://www2.assemblee-nationale.fr/decouvrir-l-assemblee/patrimoine/la-bibliotheque</subfield>
         <subfield code="z">tel: +33 / 01 / 40 63 60 00 (Bibliothèque)</subfield>
         <subfield code="z">tel: +33 / 01 / 40 63 85 77 (Archives)</subfield>
      </datafield>
      <datafield tag="551" ind1="1" ind2=" ">
         <subfield code="a">Paris</subfield>
         <subfield code="0">places/3900155</subfield>
      </datafield>
   </record>