
   <record>
      <leader>00000nz  a2200000nc 4500</leader>
      <controlfield tag="001">institutions/51000380</controlfield>
      <controlfield tag="003">DE-633</controlfield>
      <controlfield tag="005">20250620052236.0</controlfield>
      <controlfield tag="008">170720||||z|||a|||||||||||||||||n||||||d</controlfield>
      <datafield tag="024" ind1="7" ind2=" ">
         <subfield code="a">F-Pamh</subfield>
         <subfield code="q">siglum</subfield>
         <subfield code="2">rism</subfield>
      </datafield>
      <datafield tag="040" ind1=" " ind2=" ">
         <subfield code="a">DE-633</subfield>
         <subfield code="c">DE-633</subfield>
         <subfield code="e">rismg</subfield>
      </datafield>
      <datafield tag="043" ind1=" " ind2=" ">
         <subfield code="c">XA-FR</subfield>
      </datafield>
      <datafield tag="110" ind1="1" ind2=" ">
         <subfield code="a">Archives du Musée de l'Homme</subfield>
         <subfield code="c">Paris</subfield>
         <subfield code="g">F-Pamh</subfield>
      </datafield>
      <datafield tag="368" ind1=" " ind2=" ">
         <subfield code="a">Institution</subfield>
         <subfield code="a">Library</subfield>
         <subfield code="a">Archive</subfield>
      </datafield>
      <datafield tag="371" ind1=" " ind2=" ">
         <subfield code="a">c/o Bibliothèque centrale du Muséum national d'histoire naturelle</subfield>
         <subfield code="a">38, rue Geoffroy-Saint-Hilaire</subfield>
         <subfield code="b">Paris</subfield>
         <subfield code="d">France</subfield>
         <subfield code="e">75005</subfield>
         <subfield code="m">bcmweb@mnhn.fr</subfield>
         <subfield code="u">http://www.mnhn.fr/mnhn/bcm</subfield>
         <subfield code="z">tel: +33 / 01 / 40 79 36 33</subfield>
         <subfield code="z">fax: +33 / 01 / 40 79 36 56</subfield>
      </datafield>
      <datafield tag="551" ind1="1" ind2=" ">
         <subfield code="a">Paris</subfield>
         <subfield code="0">places/3900155</subfield>
      </datafield>
      <datafield tag="680" ind1="1" ind2=" ">
         <subfield code="a">Access Conditions : L'accès aux collections patrimoniales est soumise à une autorisation préalable, conditionnée par la justification d'une recherche. Vous pouvez adresser votre demande à l'adresse suivante : patrimoinedbd@mnhn.fr</subfield>
      </datafield>
   </record>