
   <record>
      <leader>00000nz  a2200000nc 4500</leader>
      <controlfield tag="001">institutions/51000483</controlfield>
      <controlfield tag="003">DE-633</controlfield>
      <controlfield tag="005">20250620052237.0</controlfield>
      <controlfield tag="008">171023||||z|||a|||||||||||||||||n||||||d</controlfield>
      <datafield tag="024" ind1="7" ind2=" ">
         <subfield code="a">169061136</subfield>
         <subfield code="2">VIAF</subfield>
      </datafield>
      <datafield tag="024" ind1="7" ind2=" ">
         <subfield code="a">F-Pbad</subfield>
         <subfield code="q">siglum</subfield>
         <subfield code="2">rism</subfield>
      </datafield>
      <datafield tag="034" ind1="1" ind2=" ">
         <subfield code="d">2.332453</subfield>
         <subfield code="f">48.863485</subfield>
      </datafield>
      <datafield tag="040" ind1=" " ind2=" ">
         <subfield code="a">DE-633</subfield>
         <subfield code="c">DE-633</subfield>
         <subfield code="e">rismg</subfield>
      </datafield>
      <datafield tag="043" ind1=" " ind2=" ">
         <subfield code="c">XA-FR</subfield>
      </datafield>
      <datafield tag="110" ind1="1" ind2=" ">
         <subfield code="a">Bibliothèque des Arts Décoratifs</subfield>
         <subfield code="c">Paris</subfield>
         <subfield code="g">F-Pbad</subfield>
      </datafield>
      <datafield tag="368" ind1=" " ind2=" ">
         <subfield code="a">Institution</subfield>
         <subfield code="a">Library</subfield>
      </datafield>
      <datafield tag="371" ind1=" " ind2=" ">
         <subfield code="a">111, rue de Rivoli</subfield>
         <subfield code="b">Paris</subfield>
         <subfield code="d">France</subfield>
         <subfield code="e">75001</subfield>
         <subfield code="m">biblio@lesartsdecoratifs.fr</subfield>
         <subfield code="u">http://www.lesartsdecoratifs.fr/francais/bibliotheque/</subfield>
         <subfield code="z">+33 / 01 / 44 55 59 36</subfield>
      </datafield>
      <datafield tag="551" ind1="1" ind2=" ">
         <subfield code="a">Paris</subfield>
         <subfield code="0">places/3900155</subfield>
      </datafield>
   </record>