
   <record>
      <leader>00000nz  a2200000nc 4500</leader>
      <controlfield tag="001">institutions/51007262</controlfield>
      <controlfield tag="003">DE-633</controlfield>
      <controlfield tag="005">20250620052314.0</controlfield>
      <controlfield tag="008">230627||||z|||a|||||||||||||||||n||||||d</controlfield>
      <datafield tag="024" ind1="7" ind2=" ">
         <subfield code="a">1087618150</subfield>
         <subfield code="2">DNB</subfield>
      </datafield>
      <datafield tag="024" ind1="7" ind2=" ">
         <subfield code="a">Q3149791</subfield>
         <subfield code="2">WKP</subfield>
      </datafield>
      <datafield tag="024" ind1="7" ind2=" ">
         <subfield code="a">F-Pinat</subfield>
         <subfield code="q">siglum</subfield>
         <subfield code="2">rism</subfield>
      </datafield>
      <datafield tag="034" ind1="1" ind2=" ">
         <subfield code="d">2.375776625931276</subfield>
         <subfield code="f">48.833570046854746</subfield>
      </datafield>
      <datafield tag="040" ind1=" " ind2=" ">
         <subfield code="a">DE-633</subfield>
         <subfield code="c">DE-633</subfield>
         <subfield code="e">rismg</subfield>
      </datafield>
      <datafield tag="043" ind1=" " ind2=" ">
         <subfield code="c">XA-FR</subfield>
      </datafield>
      <datafield tag="110" ind1="1" ind2=" ">
         <subfield code="a">Institut national de l'audiovisuel, INA thèque</subfield>
         <subfield code="c">Paris</subfield>
         <subfield code="g">F-Pinat</subfield>
      </datafield>
      <datafield tag="368" ind1=" " ind2=" ">
         <subfield code="a">Institution</subfield>
         <subfield code="a">Library</subfield>
      </datafield>
      <datafield tag="371" ind1=" " ind2=" ">
         <subfield code="a">Site François-Mitterrand</subfield>
         <subfield code="a">Quai François Mauriac</subfield>
         <subfield code="b">75706 Paris Cedex 13</subfield>
         <subfield code="d">France</subfield>
         <subfield code="m">consultation-inatheque@ina.fr</subfield>
         <subfield code="u">https://www.ina.fr/offres-et-services/ina-theque</subfield>
         <subfield code="z">tel: +33 / 01 53 79 48 30</subfield>
      </datafield>
      <datafield tag="410" ind1=" " ind2=" ">
         <subfield code="a">Inathèque</subfield>
      </datafield>
      <datafield tag="551" ind1="1" ind2=" ">
         <subfield code="a">Paris</subfield>
         <subfield code="0">places/3900155</subfield>
      </datafield>
      <datafield tag="680" ind1="1" ind2=" ">
         <subfield code="a">L'accès au dépôt légal de la radio et de la télévision à des fins de recherche.</subfield>
      </datafield>
      <datafield tag="680" ind1="1" ind2=" ">
         <subfield code="a">Le service de l'INA thèque propose aux personnes souhaitant mener des recherches sur l'intégralité des fonds de l'INA, un accès à des postes de consultation. Les équipes de l'INA accueillent et orientent dans les délégations régionales ainsi qu'à la BnF. Des postes de consultation sont mis en place dans des bibliothèques et des médiathèques afin de multiplier les points d'accès. Au 1er janvier 2018, cela représente 17 800 000 d’heures de programmes radio &amp; télévision mises à disposition dans le centre de consultation parisien de la bibliothèque François-Mitterrand (Site François-Mitterrand, salle P) et les 6 délégations régionales ainsi que 11 000 000 d’heures de programmes radio &amp; télévision mises à disposition dans 32 implantations en région (bibliothèques, médiathèques, cinémathèques).</subfield>
      </datafield>
   </record>