
   <record>
      <leader>00000nz  a2200000nc 4500</leader>
      <controlfield tag="001">institutions/30006082</controlfield>
      <controlfield tag="003">DE-633</controlfield>
      <controlfield tag="005">20250620052044.0</controlfield>
      <controlfield tag="008">161109||||z|||a|||||||||||||||||n||||||d</controlfield>
      <datafield tag="024" ind1="7" ind2=" ">
         <subfield code="a">265064458</subfield>
         <subfield code="2">VIAF</subfield>
      </datafield>
      <datafield tag="024" ind1="7" ind2=" ">
         <subfield code="a">Q108699753</subfield>
         <subfield code="2">WKP</subfield>
      </datafield>
      <datafield tag="024" ind1="7" ind2=" ">
         <subfield code="a">F-Pmhb</subfield>
         <subfield code="q">siglum</subfield>
         <subfield code="2">rism</subfield>
      </datafield>
      <datafield tag="034" ind1="1" ind2=" ">
         <subfield code="d">2.393683332605337</subfield>
         <subfield code="f">48.88913451069482</subfield>
      </datafield>
      <datafield tag="040" ind1=" " ind2=" ">
         <subfield code="a">DE-633</subfield>
         <subfield code="c">DE-633</subfield>
         <subfield code="e">rismg</subfield>
      </datafield>
      <datafield tag="043" ind1=" " ind2=" ">
         <subfield code="c">XA-FR</subfield>
      </datafield>
      <datafield tag="110" ind1="1" ind2=" ">
         <subfield code="a">Médiathèque Hector Berlioz</subfield>
         <subfield code="c">Paris</subfield>
         <subfield code="g">F-Pmhb</subfield>
      </datafield>
      <datafield tag="368" ind1=" " ind2=" ">
         <subfield code="a">Institution</subfield>
         <subfield code="a">Library</subfield>
      </datafield>
      <datafield tag="371" ind1=" " ind2=" ">
         <subfield code="a">209 Av. Jean Jaurès</subfield>
         <subfield code="b">Paris</subfield>
         <subfield code="d">France</subfield>
         <subfield code="e">75019</subfield>
         <subfield code="m">mediatheque@cnsmdp.fr</subfield>
         <subfield code="u">https://mediatheque.cnsmdp.fr/reseau/library/mhb</subfield>
      </datafield>
      <datafield tag="410" ind1=" " ind2=" ">
         <subfield code="a">La médiathèque CNSMDP</subfield>
      </datafield>
      <datafield tag="551" ind1="1" ind2=" ">
         <subfield code="a">Paris</subfield>
         <subfield code="0">places/3900155</subfield>
      </datafield>
      <datafield tag="678" ind1="1" ind2=" ">
         <subfield code="a">From 1942 to 1990, this institution was a service of the Bibliothèque nationale de France (BnF). The Médiathèque Hector Berlioz became a service of the Conservatoire national supérieur de musique et de danse de Paris (CNSMDP) in 1990, when the new Conservatoire de Paris was built on the site of La Villette. From the 1930s to the late 1980s, most of the rare materials were transferred to the BnF and, in 1990, all of the historical collections were taken there. The Médiathèque's rare materials include duplicates from the BnF's historical collection, with independent additions since 1990.</subfield>
      </datafield>
      <datafield tag="700" ind1="1" ind2=" ">
         <subfield code="a">Berlioz, Hector</subfield>
         <subfield code="d">1803-1869</subfield>
         <subfield code="0">people/13803</subfield>
         <subfield code="4">asn</subfield>
      </datafield>
   </record>