
   <record>
      <leader>00000nz  a2200000nc 4500</leader>
      <controlfield tag="001">institutions/30077395</controlfield>
      <controlfield tag="003">DE-633</controlfield>
      <controlfield tag="005">20250620052115.0</controlfield>
      <controlfield tag="008">161109||||z|||a|||||||||||||||||n||||||d</controlfield>
      <datafield tag="024" ind1="7" ind2=" ">
         <subfield code="a">145360611</subfield>
         <subfield code="2">VIAF</subfield>
      </datafield>
      <datafield tag="024" ind1="7" ind2=" ">
         <subfield code="a">Q1094302</subfield>
         <subfield code="2">WKP</subfield>
      </datafield>
      <datafield tag="024" ind1="7" ind2=" ">
         <subfield code="a">F-Pmm</subfield>
         <subfield code="q">siglum</subfield>
         <subfield code="2">rism</subfield>
      </datafield>
      <datafield tag="034" ind1="1" ind2=" ">
         <subfield code="d">2.394023649840101</subfield>
         <subfield code="f">48.88968337498223</subfield>
      </datafield>
      <datafield tag="040" ind1=" " ind2=" ">
         <subfield code="a">DE-633</subfield>
         <subfield code="c">DE-633</subfield>
         <subfield code="e">rismg</subfield>
      </datafield>
      <datafield tag="043" ind1=" " ind2=" ">
         <subfield code="c">XA-FR</subfield>
      </datafield>
      <datafield tag="110" ind1="1" ind2=" ">
         <subfield code="a">Musée de la musique</subfield>
         <subfield code="c">Paris</subfield>
         <subfield code="g">F-Pmm</subfield>
      </datafield>
      <datafield tag="368" ind1=" " ind2=" ">
         <subfield code="a">Institution</subfield>
         <subfield code="a">Library</subfield>
         <subfield code="a">Museum</subfield>
      </datafield>
      <datafield tag="371" ind1=" " ind2=" ">
         <subfield code="a">Cité de la musique - Philharmonie de Paris</subfield>
         <subfield code="a">221 avenue Jean-Jaurès</subfield>
         <subfield code="b">Paris</subfield>
         <subfield code="d">France</subfield>
         <subfield code="e">75019</subfield>
         <subfield code="m">mediatheque@philharmoniedeparis.fr</subfield>
         <subfield code="u">https://philharmoniedeparis.fr/fr/musee-de-la-musique</subfield>
         <subfield code="u">https://catalogue.philharmoniedeparis.fr/</subfield>
         <subfield code="z">tel: +33 / 01 44 84 45 00</subfield>
         <subfield code="z">tel: +33 / 01 44 84 89 45</subfield>
      </datafield>
      <datafield tag="551" ind1="1" ind2=" ">
         <subfield code="a">Paris</subfield>
         <subfield code="0">places/3900155</subfield>
      </datafield>
      <datafield tag="667" ind1=" " ind2=" ">
         <subfield code="a">Published sources: 1</subfield>
      </datafield>
      <datafield tag="678" ind1="1" ind2=" ">
         <subfield code="a">L'actuel Musée de la musique de la Philharmonie de Paris a ouvert ses portes au public en 1997.</subfield>
      </datafield>
      <datafield tag="678" ind1="1" ind2=" ">
         <subfield code="a">L'essentiel des manuscrits autographes de compositeurs a été confié à la Bibliothèque nationale de France en 1942, pour des raisons de rationalisation des fonds et de conservation</subfield>
      </datafield>
      <datafield tag="678" ind1="1" ind2=" ">
         <subfield code="a">Le musée est intimement lié à la médiathèque de la Philharmonie, située dans la structure en forme de poutre qui surmonte le musée, où elle regroupe quatre fonds (collections du musée, documentaire et d'archives, numérisé, pédagogique et d'orientation) et comprend au 1er janvier 2016 plus de 80 000 documents (hors fonds d'archives) et 110 000 avec les enregistrements audiovisuels.</subfield>
      </datafield>
      <datafield tag="678" ind1="1" ind2=" ">
         <subfield code="a">Le musée de la musique dispose de 1900 m² d’exposition pour la collection permanente, 8640 œuvres (instruments, œuvres d’art, documents écrits, partitions, accessoires, outils), dont 945 exposés, plus de 900 acquisitions de 1991 à 2001,  154 pianos, 40 clavecins, 47 expositions temporaires de 1998 à 2019</subfield>
      </datafield>
   </record>