
   <record>
      <leader>00000nz  a2200000nc 4500</leader>
      <controlfield tag="001">institutions/30001488</controlfield>
      <controlfield tag="003">DE-633</controlfield>
      <controlfield tag="005">20250919085054.0</controlfield>
      <controlfield tag="008">161109||||z|||a|||||||||||||||||n||||||d</controlfield>
      <datafield tag="024" ind1="7" ind2=" ">
         <subfield code="a">312549534</subfield>
         <subfield code="2">VIAF</subfield>
      </datafield>
      <datafield tag="024" ind1="7" ind2=" ">
         <subfield code="a">Q3044740</subfield>
         <subfield code="2">WKP</subfield>
      </datafield>
      <datafield tag="024" ind1="7" ind2=" ">
         <subfield code="a">F-Pn</subfield>
         <subfield code="q">siglum</subfield>
         <subfield code="2">rism</subfield>
      </datafield>
      <datafield tag="034" ind1="1" ind2=" ">
         <subfield code="d">2.337812916886803</subfield>
         <subfield code="f">48.868227251919826</subfield>
      </datafield>
      <datafield tag="040" ind1=" " ind2=" ">
         <subfield code="a">DE-633</subfield>
         <subfield code="c">DE-633</subfield>
         <subfield code="e">rismg</subfield>
      </datafield>
      <datafield tag="043" ind1=" " ind2=" ">
         <subfield code="c">XA-FR</subfield>
      </datafield>
      <datafield tag="110" ind1="1" ind2=" ">
         <subfield code="a">Bibliothèque nationale de France, Département de la Musique</subfield>
         <subfield code="c">Paris</subfield>
         <subfield code="g">F-Pn</subfield>
      </datafield>
      <datafield tag="368" ind1=" " ind2=" ">
         <subfield code="a">Institution</subfield>
         <subfield code="a">Library</subfield>
      </datafield>
      <datafield tag="371" ind1=" " ind2=" ">
         <subfield code="a">58, Rue Richelieu</subfield>
         <subfield code="b">75002 Paris</subfield>
         <subfield code="d">France</subfield>
         <subfield code="m">musique@bnf.fr</subfield>
         <subfield code="u">https://www.bnf.fr/fr/departement-de-la-musique</subfield>
         <subfield code="z">tel: +33 / (0)1 / 53 79 88 62</subfield>
      </datafield>
      <datafield tag="551" ind1="1" ind2=" ">
         <subfield code="a">Paris</subfield>
         <subfield code="0">places/3900155</subfield>
      </datafield>
      <datafield tag="667" ind1=" " ind2=" ">
         <subfield code="a">Published sources: 29853</subfield>
      </datafield>
      <datafield tag="680" ind1="1" ind2=" ">
         <subfield code="a">In earlier RISM publications from series A and B, the siglum F-Pn referred to the main library of the Bibliothèque nationale de France (BnF) located at the Quadrilatère Richelieu.</subfield>
      </datafield>
      <datafield tag="680" ind1="1" ind2=" ">
         <subfield code="a">Once the music department moved from there to the neighboring Rue Louvois in the mid 1960s, the siglum F-Pn was increasingly used specifically for the music collection.</subfield>
      </datafield>
      <datafield tag="680" ind1="1" ind2=" ">
         <subfield code="a">Over the years, further RISM sigla were added for various other departments of the BnF. Should a RISM siglum be needed for a department that currently has none, please contact the RISM Editorial Center at contact@rism.info.</subfield>
      </datafield>
      <datafield tag="680" ind1="1" ind2=" ">
         <subfield code="a">In früheren RISM-Publikationen der Serien A und B bezeichnete das RISM-Sigel F-Pn die Hauptbibliothek am Standort des "Quadrilatère Richelieu".</subfield>
      </datafield>
      <datafield tag="680" ind1="1" ind2=" ">
         <subfield code="a">Nach dem Umzug der Musikabteilung von dort in die benachbarte Rue Louvois Mitte der sechziger Jahre setzte sich zunehmend die Verwendung des RISM-Sigels F-Pn für die Musikabteilung der BNF durch.</subfield>
      </datafield>
      <datafield tag="680" ind1="1" ind2=" ">
         <subfield code="a">Im Laufe der Jahre kamen weitere RISM-Sigel für verschiedene Abteilungen der BNF hinzu. Sollte eine Abteilung der BNF noch kein RISM-Sigel führen, Sie aber eines dringend benötigen, melden Sie sich bitte bei der RISM-Zentralredaktion, um es zu ordern unter contact@rism.info.</subfield>
      </datafield>
   </record>