
   <record>
      <leader>00000nz  a2200000nc 4500</leader>
      <controlfield tag="001">institutions/51000353</controlfield>
      <controlfield tag="003">DE-633</controlfield>
      <controlfield tag="005">20250620052236.0</controlfield>
      <controlfield tag="008">170626||||z|||a|||||||||||||||||n||||||d</controlfield>
      <datafield tag="024" ind1="7" ind2=" ">
         <subfield code="a">F-Pnaa</subfield>
         <subfield code="q">siglum</subfield>
         <subfield code="2">rism</subfield>
      </datafield>
      <datafield tag="034" ind1="1" ind2=" ">
         <subfield code="d">2.375776625931276</subfield>
         <subfield code="f">48.83356298461412</subfield>
      </datafield>
      <datafield tag="040" ind1=" " ind2=" ">
         <subfield code="a">DE-633</subfield>
         <subfield code="c">DE-633</subfield>
         <subfield code="e">rismg</subfield>
      </datafield>
      <datafield tag="043" ind1=" " ind2=" ">
         <subfield code="c">XA-FR</subfield>
      </datafield>
      <datafield tag="110" ind1="1" ind2=" ">
         <subfield code="a">Bibliothèque nationale de France, Archives institutionnelles</subfield>
         <subfield code="c">Paris</subfield>
         <subfield code="g">F-Pnaa</subfield>
      </datafield>
      <datafield tag="368" ind1=" " ind2=" ">
         <subfield code="a">Institution</subfield>
         <subfield code="a">Library</subfield>
         <subfield code="a">Archive</subfield>
      </datafield>
      <datafield tag="371" ind1=" " ind2=" ">
         <subfield code="a">Site François-Mitterrand</subfield>
         <subfield code="a">Mission pour la gestion de la production documentaire et des archives</subfield>
         <subfield code="a">Bibliothèque nationale de France</subfield>
         <subfield code="a">Quai François Mauriac</subfield>
         <subfield code="b">75706 Paris Cedex 13</subfield>
         <subfield code="d">France</subfield>
         <subfield code="m">archives@bnf.fr</subfield>
         <subfield code="u">https://www.bnf.fr/fr/les-archives-institutionnelles-de-la-bnf#bnf-consulter-les-archives-institutionnelles-de-la-bnf</subfield>
      </datafield>
      <datafield tag="410" ind1=" " ind2=" ">
         <subfield code="a">Les archives institutionnelles de la BnF</subfield>
      </datafield>
      <datafield tag="410" ind1=" " ind2=" ">
         <subfield code="a">Bibliothèque nationale de France, Archives administratives</subfield>
      </datafield>
      <datafield tag="551" ind1="1" ind2=" ">
         <subfield code="a">Paris</subfield>
         <subfield code="0">places/3900155</subfield>
      </datafield>
   </record>