
   <record>
      <leader>00000nz  a2200000nc 4500</leader>
      <controlfield tag="001">institutions/51001520</controlfield>
      <controlfield tag="003">DE-633</controlfield>
      <controlfield tag="005">20250620052239.0</controlfield>
      <controlfield tag="008">180404||||z|||a|||||||||||||||||n||||||d</controlfield>
      <datafield tag="024" ind1="7" ind2=" ">
         <subfield code="a">Q65965621</subfield>
         <subfield code="2">WKP</subfield>
      </datafield>
      <datafield tag="024" ind1="7" ind2=" ">
         <subfield code="a">F-Pnda</subfield>
         <subfield code="q">siglum</subfield>
         <subfield code="2">rism</subfield>
      </datafield>
      <datafield tag="034" ind1="1" ind2=" ">
         <subfield code="d">2.3757659011759706</subfield>
         <subfield code="f">48.83359832441789</subfield>
      </datafield>
      <datafield tag="040" ind1=" " ind2=" ">
         <subfield code="a">DE-633</subfield>
         <subfield code="c">DE-633</subfield>
         <subfield code="e">rismg</subfield>
      </datafield>
      <datafield tag="043" ind1=" " ind2=" ">
         <subfield code="c">XA-FR</subfield>
      </datafield>
      <datafield tag="110" ind1="1" ind2=" ">
         <subfield code="a">Bibliothèque nationale de France, Département Son, vidéo, multimédia</subfield>
         <subfield code="c">Paris</subfield>
         <subfield code="g">F-Pnda</subfield>
      </datafield>
      <datafield tag="368" ind1=" " ind2=" ">
         <subfield code="a">Institution</subfield>
         <subfield code="a">Library</subfield>
      </datafield>
      <datafield tag="371" ind1=" " ind2=" ">
         <subfield code="a">Site François-Mitterrand</subfield>
         <subfield code="a">Quai François Mauriac</subfield>
         <subfield code="b">75706 Paris Cedex 13</subfield>
         <subfield code="d">France</subfield>
         <subfield code="u">https://www.bnf.fr/fr/departement-son-video-multimedia-0</subfield>
         <subfield code="z">tel: +33 / (0)1 / 53 79 59 59</subfield>
      </datafield>
      <datafield tag="410" ind1=" " ind2=" ">
         <subfield code="a">Bibliothèque nationale de France, Département de l’Audiovisuel</subfield>
      </datafield>
      <datafield tag="410" ind1=" " ind2=" ">
         <subfield code="a">Bibliothèque nationale de France, Département de la Phonothèque nationale et de l'audiovisuel</subfield>
      </datafield>
      <datafield tag="410" ind1=" " ind2=" ">
         <subfield code="a">Phonothèque nationale</subfield>
      </datafield>
      <datafield tag="551" ind1="1" ind2=" ">
         <subfield code="a">Paris</subfield>
         <subfield code="0">places/3900155</subfield>
      </datafield>
   </record>