
   <record>
      <leader>00000nz  a2200000nc 4500</leader>
      <controlfield tag="001">institutions/51005294</controlfield>
      <controlfield tag="003">DE-633</controlfield>
      <controlfield tag="005">20250620052301.0</controlfield>
      <controlfield tag="008">210623||||z|||a|||||||||||||||||n||||||d</controlfield>
      <datafield tag="024" ind1="7" ind2=" ">
         <subfield code="a">Q3027515</subfield>
         <subfield code="2">WKP</subfield>
      </datafield>
      <datafield tag="024" ind1="7" ind2=" ">
         <subfield code="a">F-Pneph</subfield>
         <subfield code="q">siglum</subfield>
         <subfield code="2">rism</subfield>
      </datafield>
      <datafield tag="034" ind1="1" ind2=" ">
         <subfield code="d">2.338504433572735</subfield>
         <subfield code="f">48.866772421730346</subfield>
      </datafield>
      <datafield tag="040" ind1=" " ind2=" ">
         <subfield code="a">DE-633</subfield>
         <subfield code="c">DE-633</subfield>
         <subfield code="e">rismg</subfield>
      </datafield>
      <datafield tag="043" ind1=" " ind2=" ">
         <subfield code="c">XA-FR</subfield>
      </datafield>
      <datafield tag="110" ind1="1" ind2=" ">
         <subfield code="a">Bibliothèque nationale de France, Département des Estampes et de la photographie</subfield>
         <subfield code="c">Paris</subfield>
         <subfield code="g">F-Pneph</subfield>
      </datafield>
      <datafield tag="368" ind1=" " ind2=" ">
         <subfield code="a">Institution</subfield>
         <subfield code="a">Library</subfield>
      </datafield>
      <datafield tag="371" ind1=" " ind2=" ">
         <subfield code="a">Site Richelieu</subfield>
         <subfield code="a">58, rue de Richelieu</subfield>
         <subfield code="b">Paris</subfield>
         <subfield code="d">France</subfield>
         <subfield code="e">75002</subfield>
         <subfield code="m">estampes-photographie@bnf.fr</subfield>
         <subfield code="u">https://www.bnf.fr/fr/departement-estampes-et-photographie</subfield>
         <subfield code="z">tel: +33 / (0)1 / 53 79 83 80</subfield>
      </datafield>
      <datafield tag="551" ind1="1" ind2=" ">
         <subfield code="a">Paris</subfield>
         <subfield code="0">places/3900155</subfield>
      </datafield>
   </record>