
   <record>
      <leader>00000nz  a2200000nc 4500</leader>
      <controlfield tag="001">institutions/51008921</controlfield>
      <controlfield tag="003">DE-633</controlfield>
      <controlfield tag="005">20250723093027.0</controlfield>
      <controlfield tag="008">250723||||z|||a|||||||||||||||||n||||||d</controlfield>
      <datafield tag="024" ind1="7" ind2=" ">
         <subfield code="a">104144647644175036991</subfield>
         <subfield code="2">VIAF</subfield>
      </datafield>
      <datafield tag="024" ind1="7" ind2=" ">
         <subfield code="a">Q67196265</subfield>
         <subfield code="2">WKP</subfield>
      </datafield>
      <datafield tag="024" ind1="7" ind2=" ">
         <subfield code="a">F-Pnphs</subfield>
         <subfield code="q">siglum</subfield>
         <subfield code="2">rism</subfield>
      </datafield>
      <datafield tag="034" ind1="1" ind2=" ">
         <subfield code="d">2.375765897292024</subfield>
         <subfield code="f">48.833598295806596</subfield>
      </datafield>
      <datafield tag="040" ind1=" " ind2=" ">
         <subfield code="a">DE-633</subfield>
         <subfield code="c">DE-633</subfield>
         <subfield code="e">rismg</subfield>
      </datafield>
      <datafield tag="043" ind1=" " ind2=" ">
         <subfield code="c">XA-FR</subfield>
      </datafield>
      <datafield tag="110" ind1="1" ind2=" ">
         <subfield code="a">Bibliothèque nationale de France, Département Philosophie, histoire, sciences de l'homme</subfield>
         <subfield code="c">Paris</subfield>
         <subfield code="g">F-Pnphs</subfield>
      </datafield>
      <datafield tag="368" ind1=" " ind2=" ">
         <subfield code="a">Institution</subfield>
         <subfield code="a">Library</subfield>
      </datafield>
      <datafield tag="371" ind1=" " ind2=" ">
         <subfield code="a">Le site François-Mitterrand</subfield>
         <subfield code="a">Quai François Mauriac</subfield>
         <subfield code="b">Paris</subfield>
         <subfield code="d">France</subfield>
         <subfield code="e">75706</subfield>
         <subfield code="m">philosophie-histoire-sciences-sociales@bnf.fr</subfield>
         <subfield code="u">https://www.bnf.fr/fr/departement-philosophie-histoire-sciences-homme</subfield>
         <subfield code="z">contact: Jeanne-Marie Jandeaux (directrice du département)</subfield>
         <subfield code="z">tel: +33 / 01 53 79 50 53</subfield>
      </datafield>
      <datafield tag="551" ind1="1" ind2=" ">
         <subfield code="a">Paris</subfield>
         <subfield code="0">places/3900155</subfield>
      </datafield>
   </record>