
   <record>
      <leader>00000nz  a2200000nc 4500</leader>
      <controlfield tag="001">institutions/30003364</controlfield>
      <controlfield tag="003">DE-633</controlfield>
      <controlfield tag="005">20250620052021.0</controlfield>
      <controlfield tag="008">161109||||z|||a|||||||||||||||||n||||||d</controlfield>
      <datafield tag="024" ind1="7" ind2=" ">
         <subfield code="a">F-Pphon</subfield>
         <subfield code="q">siglum</subfield>
         <subfield code="2">rism</subfield>
      </datafield>
      <datafield tag="040" ind1=" " ind2=" ">
         <subfield code="a">DE-633</subfield>
         <subfield code="c">DE-633</subfield>
         <subfield code="e">rismg</subfield>
      </datafield>
      <datafield tag="043" ind1=" " ind2=" ">
         <subfield code="c">XA-FR</subfield>
      </datafield>
      <datafield tag="110" ind1="1" ind2=" ">
         <subfield code="a">Phonothèque Nationale, Bibliothèque et Musée</subfield>
         <subfield code="c">Paris</subfield>
         <subfield code="g">F-Pphon</subfield>
      </datafield>
      <datafield tag="368" ind1=" " ind2=" ">
         <subfield code="a">Institution</subfield>
         <subfield code="a">Library</subfield>
      </datafield>
      <datafield tag="371" ind1=" " ind2=" ">
         <subfield code="a">Phonothèque Nationale, Bibliothèque et, Musée, 19 Rue des Bernardins, F-75 Paris V</subfield>
         <subfield code="u">http://www.ina.fr</subfield>
      </datafield>
      <datafield tag="551" ind1="1" ind2=" ">
         <subfield code="a">Paris</subfield>
         <subfield code="0">places/3900155</subfield>
      </datafield>
      <datafield tag="680" ind1="1" ind2=" ">
         <subfield code="a">Ce sigle RISM provient de RISM Series C, Part III (publiée en 1972). Il n'est plus utilisé. Voir F-Pnda</subfield>
      </datafield>
      <datafield tag="680" ind1="1" ind2=" ">
         <subfield code="a">Dieses RISM-Bibliothekssigel stammt aus RISM Series C, Part III (publ. 1972). Es wird nicht weiter verwendet. Siehe F-Pnda</subfield>
      </datafield>
      <datafield tag="680" ind1="1" ind2=" ">
         <subfield code="a">This RISM library siglum is from RISM Series C, Part III (publ. 1972). It is no longer in use. See F-Pnda</subfield>
      </datafield>
      <datafield tag="710" ind1="1" ind2=" ">
         <subfield code="a">Bibliothèque nationale de France, Département Son, vidéo, multimédia</subfield>
         <subfield code="0">institutions/51001520</subfield>
      </datafield>
   </record>