
   <record>
      <leader>00000nz  a2200000nc 4500</leader>
      <controlfield tag="001">institutions/30006141</controlfield>
      <controlfield tag="003">DE-633</controlfield>
      <controlfield tag="005">20250620052045.0</controlfield>
      <controlfield tag="008">161109||||z|||a|||||||||||||||||n||||||d</controlfield>
      <datafield tag="024" ind1="7" ind2=" ">
         <subfield code="a">F-RODad</subfield>
         <subfield code="q">siglum</subfield>
         <subfield code="2">rism</subfield>
      </datafield>
      <datafield tag="034" ind1="1" ind2=" ">
         <subfield code="d">2.568291</subfield>
         <subfield code="f">44.350973</subfield>
      </datafield>
      <datafield tag="040" ind1=" " ind2=" ">
         <subfield code="a">DE-633</subfield>
         <subfield code="c">DE-633</subfield>
         <subfield code="e">rismg</subfield>
      </datafield>
      <datafield tag="043" ind1=" " ind2=" ">
         <subfield code="c">XA-FR</subfield>
      </datafield>
      <datafield tag="110" ind1="1" ind2=" ">
         <subfield code="a">Archives départementales de l'Aveyron</subfield>
         <subfield code="c">Rodez</subfield>
         <subfield code="g">F-RODad</subfield>
      </datafield>
      <datafield tag="368" ind1=" " ind2=" ">
         <subfield code="a">Institution</subfield>
         <subfield code="a">Library</subfield>
         <subfield code="a">Archive</subfield>
      </datafield>
      <datafield tag="371" ind1=" " ind2=" ">
         <subfield code="a">25 avenue Victor Hugo</subfield>
         <subfield code="b">Rodez</subfield>
         <subfield code="c">Département de l'Aveyron</subfield>
         <subfield code="d">France</subfield>
         <subfield code="e">12000</subfield>
         <subfield code="m">dad@aveyron.fr</subfield>
         <subfield code="u">http://archives.aveyron.fr/</subfield>
         <subfield code="z">tel: +33 / (0)5 / 65 73 65 30</subfield>
      </datafield>
      <datafield tag="551" ind1="1" ind2=" ">
         <subfield code="a">Rodez</subfield>
         <subfield code="0">places/3904670</subfield>
      </datafield>
   </record>