
   <record>
      <leader>00000nz  a2200000nc 4500</leader>
      <controlfield tag="001">institutions/30006142</controlfield>
      <controlfield tag="003">DE-633</controlfield>
      <controlfield tag="005">20250620052045.0</controlfield>
      <controlfield tag="008">161109||||z|||a|||||||||||||||||n||||||d</controlfield>
      <datafield tag="024" ind1="7" ind2=" ">
         <subfield code="a">F-RODbe</subfield>
         <subfield code="q">siglum</subfield>
         <subfield code="2">rism</subfield>
      </datafield>
      <datafield tag="034" ind1="1" ind2=" ">
         <subfield code="d">2.570262</subfield>
         <subfield code="f">44.350813</subfield>
      </datafield>
      <datafield tag="040" ind1=" " ind2=" ">
         <subfield code="a">DE-633</subfield>
         <subfield code="c">DE-633</subfield>
         <subfield code="e">rismg</subfield>
      </datafield>
      <datafield tag="043" ind1=" " ind2=" ">
         <subfield code="c">XA-FR</subfield>
      </datafield>
      <datafield tag="110" ind1="1" ind2=" ">
         <subfield code="a">Bibliothèque de l'Evêché</subfield>
         <subfield code="c">Rodez</subfield>
         <subfield code="g">F-RODbe</subfield>
      </datafield>
      <datafield tag="368" ind1=" " ind2=" ">
         <subfield code="a">Institution</subfield>
         <subfield code="a">Library</subfield>
      </datafield>
      <datafield tag="371" ind1=" " ind2=" ">
         <subfield code="a">13 avenue Victor Hugo</subfield>
         <subfield code="a">BP 821</subfield>
         <subfield code="b">Rodez Cedex</subfield>
         <subfield code="c">Département Aveyron</subfield>
         <subfield code="d">France</subfield>
         <subfield code="e">12008</subfield>
         <subfield code="m">contact@rodez.catholique.fr</subfield>
         <subfield code="u">http://rodez.catholique.fr/</subfield>
         <subfield code="z">tel: +33 / (0)5 / 65 68 06 28</subfield>
      </datafield>
      <datafield tag="551" ind1="1" ind2=" ">
         <subfield code="a">Rodez</subfield>
         <subfield code="0">places/3904670</subfield>
      </datafield>
   </record>