
   <record>
      <leader>00000nz  a2200000nc 4500</leader>
      <controlfield tag="001">institutions/51000324</controlfield>
      <controlfield tag="003">DE-633</controlfield>
      <controlfield tag="005">20250620052236.0</controlfield>
      <controlfield tag="008">170529||||z|||a|||||||||||||||||n||||||d</controlfield>
      <datafield tag="024" ind1="7" ind2=" ">
         <subfield code="a">126645464</subfield>
         <subfield code="2">VIAF</subfield>
      </datafield>
      <datafield tag="024" ind1="7" ind2=" ">
         <subfield code="a">F-RODm</subfield>
         <subfield code="q">siglum</subfield>
         <subfield code="2">rism</subfield>
      </datafield>
      <datafield tag="034" ind1="1" ind2=" ">
         <subfield code="d">2.576737</subfield>
         <subfield code="f">44.349623</subfield>
      </datafield>
      <datafield tag="040" ind1=" " ind2=" ">
         <subfield code="a">DE-633</subfield>
         <subfield code="c">DE-633</subfield>
         <subfield code="e">rismg</subfield>
      </datafield>
      <datafield tag="043" ind1=" " ind2=" ">
         <subfield code="c">XA-FR</subfield>
      </datafield>
      <datafield tag="110" ind1="1" ind2=" ">
         <subfield code="a">Médiathèque</subfield>
         <subfield code="c">Rodez</subfield>
         <subfield code="g">F-RODm</subfield>
      </datafield>
      <datafield tag="368" ind1=" " ind2=" ">
         <subfield code="a">Institution</subfield>
         <subfield code="a">Library</subfield>
      </datafield>
      <datafield tag="371" ind1=" " ind2=" ">
         <subfield code="a">Ville de Rodez</subfield>
         <subfield code="a">7 rue Camille-Douls</subfield>
         <subfield code="b">Rodez Cedex</subfield>
         <subfield code="c">Département de l'Aveyron</subfield>
         <subfield code="d">France</subfield>
         <subfield code="e">12000</subfield>
         <subfield code="u">http://www.ville-rodez.fr/fr/culture-et-loisirs/mediatheque-ludotheque/mediatheque-informations.php</subfield>
         <subfield code="z">tel: +33 / (0)5 / 65 77 89 10</subfield>
      </datafield>
      <datafield tag="410" ind1=" " ind2=" ">
         <subfield code="a">Médiathèque municipale</subfield>
      </datafield>
      <datafield tag="551" ind1="1" ind2=" ">
         <subfield code="a">Rodez</subfield>
         <subfield code="0">places/3904670</subfield>
      </datafield>
   </record>