
   <record>
      <leader>00000nz  a2200000nc 4500</leader>
      <controlfield tag="001">institutions/30001499</controlfield>
      <controlfield tag="003">DE-633</controlfield>
      <controlfield tag="005">20250620052005.0</controlfield>
      <controlfield tag="008">161109||||z|||a|||||||||||||||||n||||||d</controlfield>
      <datafield tag="024" ind1="7" ind2=" ">
         <subfield code="a">170026233</subfield>
         <subfield code="2">VIAF</subfield>
      </datafield>
      <datafield tag="024" ind1="7" ind2=" ">
         <subfield code="a">Q257342</subfield>
         <subfield code="2">WKP</subfield>
      </datafield>
      <datafield tag="024" ind1="7" ind2=" ">
         <subfield code="a">F-RS</subfield>
         <subfield code="q">siglum</subfield>
         <subfield code="2">rism</subfield>
      </datafield>
      <datafield tag="034" ind1="1" ind2=" ">
         <subfield code="d">4.035432783818559</subfield>
         <subfield code="f">49.25297806553437</subfield>
      </datafield>
      <datafield tag="040" ind1=" " ind2=" ">
         <subfield code="a">DE-633</subfield>
         <subfield code="c">DE-633</subfield>
         <subfield code="e">rismg</subfield>
      </datafield>
      <datafield tag="043" ind1=" " ind2=" ">
         <subfield code="c">XA-FR</subfield>
      </datafield>
      <datafield tag="110" ind1="1" ind2=" ">
         <subfield code="a">Bibliothèque Carnegie</subfield>
         <subfield code="c">Reims</subfield>
         <subfield code="g">F-RS</subfield>
      </datafield>
      <datafield tag="368" ind1=" " ind2=" ">
         <subfield code="a">Institution</subfield>
         <subfield code="a">Library</subfield>
      </datafield>
      <datafield tag="371" ind1=" " ind2=" ">
         <subfield code="a">2, Place Carnegie</subfield>
         <subfield code="b">Reims</subfield>
         <subfield code="c">Département de la Marne</subfield>
         <subfield code="d">France</subfield>
         <subfield code="e">51000</subfield>
         <subfield code="m">carnegie@bm-reims.fr</subfield>
         <subfield code="u">https://www.bm-reims.fr/patrimoine/</subfield>
         <subfield code="z">tel: +33 / 03 / 26 77 81 41</subfield>
      </datafield>
      <datafield tag="410" ind1=" " ind2=" ">
         <subfield code="a">Bibliothèque municipale</subfield>
      </datafield>
      <datafield tag="551" ind1="1" ind2=" ">
         <subfield code="a">Reims</subfield>
         <subfield code="0">places/3900181</subfield>
      </datafield>
      <datafield tag="667" ind1=" " ind2=" ">
         <subfield code="a">Published sources: 7</subfield>
      </datafield>
   </record>