
   <record>
      <leader>00000nz  a2200000nc 4500</leader>
      <controlfield tag="001">institutions/30001505</controlfield>
      <controlfield tag="003">DE-633</controlfield>
      <controlfield tag="005">20250620052005.0</controlfield>
      <controlfield tag="008">161109||||z|||a|||||||||||||||||n||||||d</controlfield>
      <datafield tag="024" ind1="7" ind2=" ">
         <subfield code="a">F-SA</subfield>
         <subfield code="q">siglum</subfield>
         <subfield code="2">rism</subfield>
      </datafield>
      <datafield tag="034" ind1="1" ind2=" ">
         <subfield code="d">5.877184177891834</subfield>
         <subfield code="f">46.936861019760414</subfield>
      </datafield>
      <datafield tag="040" ind1=" " ind2=" ">
         <subfield code="a">DE-633</subfield>
         <subfield code="c">DE-633</subfield>
         <subfield code="e">rismg</subfield>
      </datafield>
      <datafield tag="043" ind1=" " ind2=" ">
         <subfield code="c">XA-FR</subfield>
      </datafield>
      <datafield tag="110" ind1="1" ind2=" ">
         <subfield code="a">Médiathèque Intercommunale de Salins</subfield>
         <subfield code="c">Salins-le-Bains</subfield>
         <subfield code="g">F-SA</subfield>
      </datafield>
      <datafield tag="368" ind1=" " ind2=" ">
         <subfield code="a">Institution</subfield>
         <subfield code="a">Library</subfield>
      </datafield>
      <datafield tag="371" ind1=" " ind2=" ">
         <subfield code="a">8 bis Rue de la République</subfield>
         <subfield code="b">Salins-le-Bains</subfield>
         <subfield code="c">Département du Jura</subfield>
         <subfield code="d">France</subfield>
         <subfield code="e">39110</subfield>
         <subfield code="u">https://mediatheques-coeurdujura.fr/</subfield>
         <subfield code="u">https://www.mairie-salinslesbains.fr/la-mediatheque-intercommunale/</subfield>
         <subfield code="z">tel: +33 / 03 / 84379577</subfield>
      </datafield>
      <datafield tag="410" ind1=" " ind2=" ">
         <subfield code="a">Bibliothèque municipale</subfield>
      </datafield>
      <datafield tag="551" ind1="1" ind2=" ">
         <subfield code="a">Salins-le-Bains</subfield>
         <subfield code="0">places/50020238</subfield>
      </datafield>
      <datafield tag="667" ind1=" " ind2=" ">
         <subfield code="a">Published sources: 4</subfield>
      </datafield>
   </record>