
   <record>
      <leader>00000nz  a2200000nc 4500</leader>
      <controlfield tag="001">institutions/30080835</controlfield>
      <controlfield tag="003">DE-633</controlfield>
      <controlfield tag="005">20250620052133.0</controlfield>
      <controlfield tag="008">161109||||z|||a|||||||||||||||||n||||||d</controlfield>
      <datafield tag="024" ind1="7" ind2=" ">
         <subfield code="a">F-Sbp</subfield>
         <subfield code="q">siglum</subfield>
         <subfield code="2">rism</subfield>
      </datafield>
      <datafield tag="034" ind1="1" ind2=" ">
         <subfield code="d">7.763789633779093</subfield>
         <subfield code="f">48.579070749869494</subfield>
      </datafield>
      <datafield tag="040" ind1=" " ind2=" ">
         <subfield code="a">DE-633</subfield>
         <subfield code="c">DE-633</subfield>
         <subfield code="e">rismg</subfield>
      </datafield>
      <datafield tag="043" ind1=" " ind2=" ">
         <subfield code="c">XA-FR</subfield>
      </datafield>
      <datafield tag="110" ind1="1" ind2=" ">
         <subfield code="a">Université de Strasbourg, Bibliothèque du Portique</subfield>
         <subfield code="c">Strasbourg</subfield>
         <subfield code="g">F-Sbp</subfield>
      </datafield>
      <datafield tag="368" ind1=" " ind2=" ">
         <subfield code="a">Institution</subfield>
         <subfield code="a">Library</subfield>
      </datafield>
      <datafield tag="371" ind1=" " ind2=" ">
         <subfield code="a">14 Rue Descartes</subfield>
         <subfield code="b">67081 Strasbourg</subfield>
         <subfield code="d">France</subfield>
         <subfield code="m">bu-bib-portique@unistra.fr</subfield>
         <subfield code="u">https://bu.unistra.fr/opac/library/Biblioth%C3%A8que%20du%20Portique/BUSPO</subfield>
         <subfield code="z">tel: +33 / 03 68 85 64 08</subfield>
      </datafield>
      <datafield tag="551" ind1="1" ind2=" ">
         <subfield code="a">Strasbourg</subfield>
         <subfield code="0">places/3900104</subfield>
      </datafield>
      <datafield tag="680" ind1="1" ind2=" ">
         <subfield code="a">La bibliothèque du Portique, ouverte en 1996, est issue d'un regroupement de bibliothèques de départements d'UFR. C'est une bibliothèque d'étude et de recherche en lettres, philosophie, arts du spectacle, musicologie et sciences du sport. Elle est principalement destinée aux enseignants-chercheurs et aux étudiants avancés. La bibliothèque dispose d'une sonothèque contenant des partitions, des enregistrements sonores, offrant des postes d'écoute et 4 places assises</subfield>
      </datafield>
   </record>