
   <record>
      <leader>00000nz  a2200000nc 4500</leader>
      <controlfield tag="001">institutions/30003930</controlfield>
      <controlfield tag="003">DE-633</controlfield>
      <controlfield tag="005">20250620052025.0</controlfield>
      <controlfield tag="008">161109||||z|||a|||||||||||||||||n||||||d</controlfield>
      <datafield tag="024" ind1="7" ind2=" ">
         <subfield code="a">151073306</subfield>
         <subfield code="2">VIAF</subfield>
      </datafield>
      <datafield tag="024" ind1="7" ind2=" ">
         <subfield code="a">Q14567922</subfield>
         <subfield code="2">WKP</subfield>
      </datafield>
      <datafield tag="024" ind1="7" ind2=" ">
         <subfield code="a">F-Sgs</subfield>
         <subfield code="q">siglum</subfield>
         <subfield code="2">rism</subfield>
      </datafield>
      <datafield tag="034" ind1="1" ind2=" ">
         <subfield code="d">7.752038507212234</subfield>
         <subfield code="f">48.58253638966011</subfield>
      </datafield>
      <datafield tag="040" ind1=" " ind2=" ">
         <subfield code="a">DE-633</subfield>
         <subfield code="c">DE-633</subfield>
         <subfield code="e">rismg</subfield>
      </datafield>
      <datafield tag="043" ind1=" " ind2=" ">
         <subfield code="c">XA-FR</subfield>
      </datafield>
      <datafield tag="110" ind1="1" ind2=" ">
         <subfield code="a">Bibliothèque du Grand Séminaire de Strasbourg</subfield>
         <subfield code="c">Strasbourg</subfield>
         <subfield code="g">F-Sgs</subfield>
      </datafield>
      <datafield tag="368" ind1=" " ind2=" ">
         <subfield code="a">Institution</subfield>
         <subfield code="a">Library</subfield>
      </datafield>
      <datafield tag="371" ind1=" " ind2=" ">
         <subfield code="a">2, Rue des Frères</subfield>
         <subfield code="b">Strasbourg</subfield>
         <subfield code="c">Département Bas-Rhin</subfield>
         <subfield code="d">France</subfield>
         <subfield code="e">67000</subfield>
         <subfield code="m">bibliotheque@grandseminaire.alsace</subfield>
         <subfield code="u">https://grandseminaire.alsace/la-bibliotheque-ancienne/</subfield>
         <subfield code="z">tel: +33 / 03 / 90 22 93 93</subfield>
         <subfield code="z">contact: Louis Schlaefli</subfield>
      </datafield>
      <datafield tag="551" ind1="1" ind2=" ">
         <subfield code="a">Strasbourg</subfield>
         <subfield code="0">places/3900104</subfield>
      </datafield>
      <datafield tag="667" ind1=" " ind2=" ">
         <subfield code="a">Published sources: 561</subfield>
      </datafield>
   </record>