
   <record>
      <leader>00000nz  a2200000nc 4500</leader>
      <controlfield tag="001">institutions/51008228</controlfield>
      <controlfield tag="003">DE-633</controlfield>
      <controlfield tag="005">20250620052320.0</controlfield>
      <controlfield tag="008">240920||||z|||a|||||||||||||||||n||||||d</controlfield>
      <datafield tag="024" ind1="7" ind2=" ">
         <subfield code="a">156702129</subfield>
         <subfield code="2">VIAF</subfield>
      </datafield>
      <datafield tag="024" ind1="7" ind2=" ">
         <subfield code="a">Q2860540</subfield>
         <subfield code="2">WKP</subfield>
      </datafield>
      <datafield tag="024" ind1="7" ind2=" ">
         <subfield code="a">F-TLam</subfield>
         <subfield code="q">siglum</subfield>
         <subfield code="2">rism</subfield>
      </datafield>
      <datafield tag="034" ind1="1" ind2=" ">
         <subfield code="d">1.4614695872757888</subfield>
         <subfield code="f">43.624075148645886</subfield>
      </datafield>
      <datafield tag="040" ind1=" " ind2=" ">
         <subfield code="a">DE-633</subfield>
         <subfield code="c">DE-633</subfield>
         <subfield code="e">rismg</subfield>
      </datafield>
      <datafield tag="043" ind1=" " ind2=" ">
         <subfield code="c">XA-FR</subfield>
      </datafield>
      <datafield tag="110" ind1="1" ind2=" ">
         <subfield code="a">Archives municipales</subfield>
         <subfield code="c">Toulouse</subfield>
         <subfield code="g">F-TLam</subfield>
      </datafield>
      <datafield tag="368" ind1=" " ind2=" ">
         <subfield code="a">Institution</subfield>
         <subfield code="a">Archive</subfield>
         <subfield code="a">Library</subfield>
      </datafield>
      <datafield tag="371" ind1=" " ind2=" ">
         <subfield code="a">2 rue des Archives</subfield>
         <subfield code="b">Toulouse</subfield>
         <subfield code="c">Département de Haute-Garonne</subfield>
         <subfield code="d">France</subfield>
         <subfield code="e">31500</subfield>
         <subfield code="u">https://www.archives.toulouse.fr/</subfield>
         <subfield code="z">tel: +33 / 05 36 25 23 80</subfield>
      </datafield>
      <datafield tag="551" ind1="1" ind2=" ">
         <subfield code="a">Toulouse</subfield>
         <subfield code="0">places/3900012</subfield>
      </datafield>
   </record>