
   <record>
      <leader>00000nz  a2200000nc 4500</leader>
      <controlfield tag="001">institutions/51001634</controlfield>
      <controlfield tag="003">DE-633</controlfield>
      <controlfield tag="005">20250620052240.0</controlfield>
      <controlfield tag="008">180529||||z|||a|||||||||||||||||n||||||d</controlfield>
      <datafield tag="024" ind1="7" ind2=" ">
         <subfield code="a">F-TOad</subfield>
         <subfield code="q">siglum</subfield>
         <subfield code="2">rism</subfield>
      </datafield>
      <datafield tag="034" ind1="1" ind2=" ">
         <subfield code="d">0.698007</subfield>
         <subfield code="f">47.394988</subfield>
      </datafield>
      <datafield tag="040" ind1=" " ind2=" ">
         <subfield code="a">DE-633</subfield>
         <subfield code="c">DE-633</subfield>
         <subfield code="e">rismg</subfield>
      </datafield>
      <datafield tag="043" ind1=" " ind2=" ">
         <subfield code="c">XA-FR</subfield>
      </datafield>
      <datafield tag="110" ind1="1" ind2=" ">
         <subfield code="a">Archives Departementales d'Indre-et-Loire</subfield>
         <subfield code="c">Tours</subfield>
         <subfield code="g">F-TOad</subfield>
      </datafield>
      <datafield tag="368" ind1=" " ind2=" ">
         <subfield code="a">Institution</subfield>
         <subfield code="a">Library</subfield>
         <subfield code="a">Archive</subfield>
      </datafield>
      <datafield tag="371" ind1=" " ind2=" ">
         <subfield code="a">6 rue des Ursulines</subfield>
         <subfield code="b">Tours</subfield>
         <subfield code="c">Département d'Indre-et-Loire</subfield>
         <subfield code="d">France</subfield>
         <subfield code="e">37000</subfield>
         <subfield code="u">http://archives.cg37.fr//index_archive.php</subfield>
         <subfield code="z">tel : +33 / 02 47 60 88 88</subfield>
      </datafield>
      <datafield tag="551" ind1="1" ind2=" ">
         <subfield code="a">Tours</subfield>
         <subfield code="0">places/3900264</subfield>
      </datafield>
   </record>