
   <record>
      <leader>00000nz  a2200000nc 4500</leader>
      <controlfield tag="001">institutions/30006038</controlfield>
      <controlfield tag="003">DE-633</controlfield>
      <controlfield tag="005">20250620052044.0</controlfield>
      <controlfield tag="008">161109||||z|||a|||||||||||||||||n||||||d</controlfield>
      <datafield tag="024" ind1="7" ind2=" ">
         <subfield code="a">152146937836113832450</subfield>
         <subfield code="2">VIAF</subfield>
      </datafield>
      <datafield tag="024" ind1="7" ind2=" ">
         <subfield code="a">F-VIE</subfield>
         <subfield code="q">siglum</subfield>
         <subfield code="2">rism</subfield>
      </datafield>
      <datafield tag="040" ind1=" " ind2=" ">
         <subfield code="a">DE-633</subfield>
         <subfield code="c">DE-633</subfield>
         <subfield code="e">rismg</subfield>
      </datafield>
      <datafield tag="043" ind1=" " ind2=" ">
         <subfield code="c">XA-FR</subfield>
      </datafield>
      <datafield tag="110" ind1="1" ind2=" ">
         <subfield code="a">Médiathèque Le Trente</subfield>
         <subfield code="c">Vienne (Département de l'Isère)</subfield>
         <subfield code="g">F-VIE</subfield>
      </datafield>
      <datafield tag="368" ind1=" " ind2=" ">
         <subfield code="a">Institution</subfield>
         <subfield code="a">Library</subfield>
      </datafield>
      <datafield tag="371" ind1=" " ind2=" ">
         <subfield code="a">Bâtiment Le Trente</subfield>
         <subfield code="a">Espace Saint Germain</subfield>
         <subfield code="a">30 avenue Général Leclerc</subfield>
         <subfield code="b">Vienne</subfield>
         <subfield code="c">Département de l'Isère</subfield>
         <subfield code="d">France</subfield>
         <subfield code="e">38200</subfield>
         <subfield code="m">mediathequeletrente@mairie-vienne.fr</subfield>
         <subfield code="u">https://bibliotheques.vienne.fr/mediatheque-de-vienne-le-trente</subfield>
         <subfield code="u">https://www.lectura.plus/1082-mediatheque-le-trente-de-vienne.html</subfield>
         <subfield code="z">tel: +33 / 04 74 15 99 40</subfield>
      </datafield>
      <datafield tag="410" ind1=" " ind2=" ">
         <subfield code="a">Bibliothèque municipale</subfield>
      </datafield>
      <datafield tag="551" ind1="1" ind2=" ">
         <subfield code="a">Vienne</subfield>
         <subfield code="0">places/3900201</subfield>
      </datafield>
      <datafield tag="670" ind1="1" ind2=" ">
         <subfield code="a">CatalogueLyon 1986</subfield>
         <subfield code="0">publications/831</subfield>
      </datafield>
   </record>