
   <record>
      <leader>00000nz  a2200000nc 4500</leader>
      <controlfield tag="001">institutions/51008843</controlfield>
      <controlfield tag="003">DE-633</controlfield>
      <controlfield tag="005">20250620052325.0</controlfield>
      <controlfield tag="008">250616||||z|||a|||||||||||||||||n||||||d</controlfield>
      <datafield tag="024" ind1="7" ind2=" ">
         <subfield code="a">F-VIN</subfield>
         <subfield code="q">siglum</subfield>
         <subfield code="2">rism</subfield>
      </datafield>
      <datafield tag="034" ind1="1" ind2=" ">
         <subfield code="d">2.434831897292421</subfield>
         <subfield code="f">48.84177437133346</subfield>
      </datafield>
      <datafield tag="040" ind1=" " ind2=" ">
         <subfield code="a">DE-633</subfield>
         <subfield code="b">ger</subfield>
         <subfield code="c">DE-633</subfield>
         <subfield code="e">rismg</subfield>
      </datafield>
      <datafield tag="043" ind1=" " ind2=" ">
         <subfield code="c">XA-FR</subfield>
      </datafield>
      <datafield tag="110" ind1="1" ind2=" ">
         <subfield code="a">Service historique de la Défense - Centre historique des archives</subfield>
         <subfield code="c">Vincennes</subfield>
         <subfield code="g">F-VIN</subfield>
      </datafield>
      <datafield tag="368" ind1=" " ind2=" ">
         <subfield code="a">Institution</subfield>
         <subfield code="a">Archive</subfield>
         <subfield code="a">Library</subfield>
      </datafield>
      <datafield tag="371" ind1=" " ind2=" ">
         <subfield code="a">Château de Vincennes</subfield>
         <subfield code="a">Pavillon du Roi</subfield>
         <subfield code="a">Avenue de Paris</subfield>
         <subfield code="b">Vincennes</subfield>
         <subfield code="c">Département du Val-de-Marne</subfield>
         <subfield code="d">France</subfield>
         <subfield code="e">94306</subfield>
         <subfield code="u">https://www.servicehistorique.sga.defense.gouv.fr/le-shd-en-france/vincennes-centre-historique-des-archives</subfield>
      </datafield>
      <datafield tag="551" ind1="1" ind2=" ">
         <subfield code="a">Vincennes</subfield>
         <subfield code="0">places/50013964</subfield>
      </datafield>
   </record>