
   <record>
      <leader>00000nz  a2200000nc 4500</leader>
      <controlfield tag="001">institutions/51008932</controlfield>
      <controlfield tag="003">DE-633</controlfield>
      <controlfield tag="005">20250724092957.0</controlfield>
      <controlfield tag="008">250724||||z|||a|||||||||||||||||n||||||d</controlfield>
      <datafield tag="024" ind1="7" ind2=" ">
         <subfield code="a">Q2946</subfield>
         <subfield code="2">WKP</subfield>
      </datafield>
      <datafield tag="024" ind1="7" ind2=" ">
         <subfield code="a">F-Vchc</subfield>
         <subfield code="q">siglum</subfield>
         <subfield code="2">rism</subfield>
      </datafield>
      <datafield tag="034" ind1="1" ind2=" ">
         <subfield code="d">2.1203506528867275</subfield>
         <subfield code="f">48.80485891067656</subfield>
      </datafield>
      <datafield tag="040" ind1=" " ind2=" ">
         <subfield code="a">DE-633</subfield>
         <subfield code="c">DE-633</subfield>
         <subfield code="e">rismg</subfield>
      </datafield>
      <datafield tag="043" ind1=" " ind2=" ">
         <subfield code="c">XA-FR</subfield>
      </datafield>
      <datafield tag="110" ind1="1" ind2=" ">
         <subfield code="a">Château de Versailles, collections</subfield>
         <subfield code="c">Versailles</subfield>
         <subfield code="g">F-Vchc</subfield>
      </datafield>
      <datafield tag="368" ind1=" " ind2=" ">
         <subfield code="a">Institution</subfield>
         <subfield code="a">Archive</subfield>
         <subfield code="a">Library</subfield>
         <subfield code="a">Museum</subfield>
      </datafield>
      <datafield tag="371" ind1=" " ind2=" ">
         <subfield code="a">Direction de la Conservation, Château de Versailles RP 834</subfield>
         <subfield code="b">Versailles</subfield>
         <subfield code="c">Département des Yvelines</subfield>
         <subfield code="d">France</subfield>
         <subfield code="e">78008</subfield>
         <subfield code="m">info.collections@chateauversailles.fr</subfield>
         <subfield code="u">https://collections.chateauversailles.fr/#/query/e63e0237-7f40-461e-923f-fe7404ead0f7</subfield>
      </datafield>
      <datafield tag="551" ind1="1" ind2=" ">
         <subfield code="a">Versailles</subfield>
         <subfield code="0">places/3900399</subfield>
      </datafield>
   </record>